%YAML 1.1
%TAG !u! tag:unity3d.com,2011:
--- !u!1 &5147456338957350847
GameObject:
  m_ObjectHideFlags: 0
  m_CorrespondingSourceObject: {fileID: 0}
  m_PrefabInstance: {fileID: 0}
  m_PrefabAsset: {fileID: 0}
  serializedVersion: 6
  m_Component:
  - component: {fileID: 5147456338957350784}
  - component: {fileID: 5147456338957350787}
  - component: {fileID: 5147456338957350786}
  - component: {fileID: 5147456338957350845}
  - component: {fileID: 5147456338957350844}
  - component: {fileID: 2755631490740369878}
  m_Layer: 0
  m_Name: Bouncer
  m_TagString: Untagged
  m_Icon: {fileID: 0}
  m_NavMeshLayer: 0
  m_StaticEditorFlags: 0
  m_IsActive: 1
--- !u!4 &5147456338957350784
Transform:
  m_ObjectHideFlags: 0
  m_CorrespondingSourceObject: {fileID: 0}
  m_PrefabInstance: {fileID: 0}
  m_PrefabAsset: {fileID: 0}
  m_GameObject: {fileID: 5147456338957350847}
  m_LocalRotation: {x: 0, y: 0, z: 0, w: 1}
  m_LocalPosition: {x: 0, y: 0, z: 0}
  m_LocalScale: {x: 17, y: 1, z: 16.535156}
  m_Children: []
  m_Father: {fileID: 0}
  m_RootOrder: 0
  m_LocalEulerAnglesHint: {x: 0, y: 0, z: 0}
--- !u!114 &5147456338957350787
MonoBehaviour:
  m_ObjectHideFlags: 0
  m_CorrespondingSourceObject: {fileID: 0}
  m_PrefabInstance: {fileID: 0}
  m_PrefabAsset: {fileID: 0}
  m_GameObject: {fileID: 5147456338957350847}
  m_Enabled: 1
  m_EditorHideFlags: 0
  m_Script: {fileID: 11500000, guid: 8233d90336aea43098adf6dbabd606a2, type: 3}
  m_Name: 
  m_EditorClassIdentifier: 
  m_MeshFormatVersion: 1
  m_Faces:
  - m_Indexes: 000000000100000002000000010000000300000002000000
    m_SmoothingGroup: 0
    m_Uv:
      m_UseWorldSpace: 0
      m_FlipU: 0
      m_FlipV: 0
      m_SwapUV: 0
      m_Fill: 1
      m_Scale: {x: 1, y: 1}
      m_Offset: {x: 0, y: 0}
      m_Rotation: 0
      m_Anchor: 9
    m_Material: {fileID: 0}
    m_SubmeshIndex: 0
    m_ManualUV: 0
    elementGroup: -1
    m_TextureGroup: -1
  - m_Indexes: 04000000050000000e000000050000000d0000000e000000050000000c0000000d000000050000000b0000000c000000060000000b000000050000000a0000000b00000006000000090000000a00000006000000080000000900000006000000060000000700000008000000
    m_SmoothingGroup: 0
    m_Uv:
      m_UseWorldSpace: 0
      m_FlipU: 0
      m_FlipV: 0
      m_SwapUV: 0
      m_Fill: 1
      m_Scale: {x: 1, y: 1}
      m_Offset: {x: 0, y: 0}
      m_Rotation: 0
      m_Anchor: 9
    m_Material: {fileID: 2100000, guid: c22777d6e868e4f2fb421913386b154e, type: 2}
    m_SubmeshIndex: 0
    m_ManualUV: 0
    elementGroup: 0
    m_TextureGroup: -1
  - m_Indexes: 0f0000001000000019000000100000001800000019000000100000001700000018000000100000001600000017000000110000001600000010000000150000001600000011000000140000001500000011000000130000001400000011000000110000001200000013000000
    m_SmoothingGroup: 0
    m_Uv:
      m_UseWorldSpace: 0
      m_FlipU: 0
      m_FlipV: 0
      m_SwapUV: 0
      m_Fill: 1
      m_Scale: {x: 1, y: 1}
      m_Offset: {x: 0, y: 0}
      m_Rotation: 0
      m_Anchor: 9
    m_Material: {fileID: 2100000, guid: c22777d6e868e4f2fb421913386b154e, type: 2}
    m_SubmeshIndex: 0
    m_ManualUV: 0
    elementGroup: 0
    m_TextureGroup: -1
  - m_Indexes: 1b0000001c0000001d0000001d0000001a0000001b0000001d000000240000001a0000001d00000023000000240000001e000000230000001d00000022000000230000001e00000021000000220000001e00000020000000210000001e000000200000001e0000001f000000
    m_SmoothingGroup: 0
    m_Uv:
      m_UseWorldSpace: 0
      m_FlipU: 0
      m_FlipV: 0
      m_SwapUV: 0
      m_Fill: 1
      m_Scale: {x: 1, y: 1}
      m_Offset: {x: 0, y: 0}
      m_Rotation: 0
      m_Anchor: 9
    m_Material: {fileID: 2100000, guid: c22777d6e868e4f2fb421913386b154e, type: 2}
    m_SubmeshIndex: 0
    m_ManualUV: 0
    elementGroup: 0
    m_TextureGroup: -1
  - m_Indexes: 260000002700000028000000280000002500000026000000280000002f00000025000000280000002e0000002f000000290000002e000000280000002d0000002e000000290000002c0000002d000000290000002b0000002c000000290000002b000000290000002a000000
    m_SmoothingGroup: 0
    m_Uv:
      m_UseWorldSpace: 0
      m_FlipU: 0
      m_FlipV: 0
      m_SwapUV: 0
      m_Fill: 1
      m_Scale: {x: 1, y: 1}
      m_Offset: {x: 0, y: 0}
      m_Rotation: 0
      m_Anchor: 9
    m_Material: {fileID: 2100000, guid: c22777d6e868e4f2fb421913386b154e, type: 2}
    m_SubmeshIndex: 0
    m_ManualUV: 0
    elementGroup: 0
    m_TextureGroup: -1
  - m_Indexes: 300000003100000032000000330000003000000032000000
    m_SmoothingGroup: 0
    m_Uv:
      m_UseWorldSpace: 0
      m_FlipU: 0
      m_FlipV: 0
      m_SwapUV: 0
      m_Fill: 1
      m_Scale: {x: 1, y: 1}
      m_Offset: {x: 0, y: 0}
      m_Rotation: 0
      m_Anchor: 9
    m_Material: {fileID: 2100000, guid: c22777d6e868e4f2fb421913386b154e, type: 2}
    m_SubmeshIndex: 0
    m_ManualUV: 0
    elementGroup: 0
    m_TextureGroup: 1
  - m_Indexes: 340000003500000036000000370000003400000036000000
    m_SmoothingGroup: 0
    m_Uv:
      m_UseWorldSpace: 0
      m_FlipU: 0
      m_FlipV: 0
      m_SwapUV: 0
      m_Fill: 1
      m_Scale: {x: 1, y: 1}
      m_Offset: {x: 0, y: 0}
      m_Rotation: 0
      m_Anchor: 9
    m_Material: {fileID: 2100000, guid: c22777d6e868e4f2fb421913386b154e, type: 2}
    m_SubmeshIndex: 0
    m_ManualUV: 0
    elementGroup: 0
    m_TextureGroup: 1
  - m_Indexes: 3b00000038000000390000003a0000003b00000039000000
    m_SmoothingGroup: 0
    m_Uv:
      m_UseWorldSpace: 0
      m_FlipU: 0
      m_FlipV: 0
      m_SwapUV: 0
      m_Fill: 1
      m_Scale: {x: 1, y: 1}
      m_Offset: {x: 0, y: 0}
      m_Rotation: 0
      m_Anchor: 9
    m_Material: {fileID: 2100000, guid: c22777d6e868e4f2fb421913386b154e, type: 2}
    m_SubmeshIndex: 0
    m_ManualUV: 0
    elementGroup: 0
    m_TextureGroup: 1
  - m_Indexes: 3e0000003f0000003c0000003d0000003e0000003c000000
    m_SmoothingGroup: 0
    m_Uv:
      m_UseWorldSpace: 0
      m_FlipU: 0
      m_FlipV: 0
      m_SwapUV: 0
      m_Fill: 1
      m_Scale: {x: 1, y: 1}
      m_Offset: {x: 0, y: 0}
      m_Rotation: 0
      m_Anchor: 9
    m_Material: {fileID: 2100000, guid: c22777d6e868e4f2fb421913386b154e, type: 2}
    m_SubmeshIndex: 0
    m_ManualUV: 0
    elementGroup: 0
    m_TextureGroup: 1
  - m_Indexes: 400000004100000042000000430000004000000042000000
    m_SmoothingGroup: 0
    m_Uv:
      m_UseWorldSpace: 0
      m_FlipU: 0
      m_FlipV: 0
      m_SwapUV: 0
      m_Fill: 1
      m_Scale: {x: 1, y: 1}
      m_Offset: {x: 0, y: 0}
      m_Rotation: 0
      m_Anchor: 9
    m_Material: {fileID: 2100000, guid: c22777d6e868e4f2fb421913386b154e, type: 2}
    m_SubmeshIndex: 0
    m_ManualUV: 0
    elementGroup: 0
    m_TextureGroup: 1
  - m_Indexes: 440000004500000046000000470000004400000046000000
    m_SmoothingGroup: 0
    m_Uv:
      m_UseWorldSpace: 0
      m_FlipU: 0
      m_FlipV: 0
      m_SwapUV: 0
      m_Fill: 1
      m_Scale: {x: 1, y: 1}
      m_Offset: {x: 0, y: 0}
      m_Rotation: 0
      m_Anchor: 9
    m_Material: {fileID: 2100000, guid: c22777d6e868e4f2fb421913386b154e, type: 2}
    m_SubmeshIndex: 0
    m_ManualUV: 0
    elementGroup: 0
    m_TextureGroup: 1
  - m_Indexes: 4b00000048000000490000004a0000004b00000049000000
    m_SmoothingGroup: 0
    m_Uv:
      m_UseWorldSpace: 0
      m_FlipU: 0
      m_FlipV: 0
      m_SwapUV: 0
      m_Fill: 1
      m_Scale: {x: 1, y: 1}
      m_Offset: {x: 0, y: 0}
      m_Rotation: 0
      m_Anchor: 9
    m_Material: {fileID: 2100000, guid: c22777d6e868e4f2fb421913386b154e, type: 2}
    m_SubmeshIndex: 0
    m_ManualUV: 0
    elementGroup: 0
    m_TextureGroup: 1
  - m_Indexes: 4e0000004f0000004c0000004d0000004e0000004c000000
    m_SmoothingGroup: 0
    m_Uv:
      m_UseWorldSpace: 0
      m_FlipU: 0
      m_FlipV: 0
      m_SwapUV: 0
      m_Fill: 1
      m_Scale: {x: 1, y: 1}
      m_Offset: {x: 0, y: 0}
      m_Rotation: 0
      m_Anchor: 9
    m_Material: {fileID: 2100000, guid: c22777d6e868e4f2fb421913386b154e, type: 2}
    m_SubmeshIndex: 0
    m_ManualUV: 0
    elementGroup: 0
    m_TextureGroup: 1
  - m_Indexes: 500000005100000052000000530000005000000052000000
    m_SmoothingGroup: 0
    m_Uv:
      m_UseWorldSpace: 0
      m_FlipU: 0
      m_FlipV: 0
      m_SwapUV: 0
      m_Fill: 1
      m_Scale: {x: 1, y: 1}
      m_Offset: {x: 0, y: 0}
      m_Rotation: 0
      m_Anchor: 9
    m_Material: {fileID: 2100000, guid: c22777d6e868e4f2fb421913386b154e, type: 2}
    m_SubmeshIndex: 0
    m_ManualUV: 0
    elementGroup: 0
    m_TextureGroup: 1
  - m_Indexes: 540000005500000056000000570000005400000056000000
    m_SmoothingGroup: 0
    m_Uv:
      m_UseWorldSpace: 0
      m_FlipU: 0
      m_FlipV: 0
      m_SwapUV: 0
      m_Fill: 1
      m_Scale: {x: 1, y: 1}
      m_Offset: {x: 0, y: 0}
      m_Rotation: 0
      m_Anchor: 9
    m_Material: {fileID: 2100000, guid: c22777d6e868e4f2fb421913386b154e, type: 2}
    m_SubmeshIndex: 0
    m_ManualUV: 0
    elementGroup: 0
    m_TextureGroup: 1
  - m_Indexes: 5b00000058000000590000005a0000005b00000059000000
    m_SmoothingGroup: 0
    m_Uv:
      m_UseWorldSpace: 0
      m_FlipU: 0
      m_FlipV: 0
      m_SwapUV: 0
      m_Fill: 1
      m_Scale: {x: 1, y: 1}
      m_Offset: {x: 0, y: 0}
      m_Rotation: 0
      m_Anchor: 9
    m_Material: {fileID: 2100000, guid: c22777d6e868e4f2fb421913386b154e, type: 2}
    m_SubmeshIndex: 0
    m_ManualUV: 0
    elementGroup: 0
    m_TextureGroup: 1
  - m_Indexes: 5e0000005f0000005c0000005d0000005e0000005c000000
    m_SmoothingGroup: 0
    m_Uv:
      m_UseWorldSpace: 0
      m_FlipU: 0
      m_FlipV: 0
      m_SwapUV: 0
      m_Fill: 1
      m_Scale: {x: 1, y: 1}
      m_Offset: {x: 0, y: 0}
      m_Rotation: 0
      m_Anchor: 9
    m_Material: {fileID: 2100000, guid: c22777d6e868e4f2fb421913386b154e, type: 2}
    m_SubmeshIndex: 0
    m_ManualUV: 0
    elementGroup: 0
    m_TextureGroup: 1
  - m_Indexes: 600000006100000062000000630000006000000062000000
    m_SmoothingGroup: 0
    m_Uv:
      m_UseWorldSpace: 0
      m_FlipU: 0
      m_FlipV: 0
      m_SwapUV: 0
      m_Fill: 1
      m_Scale: {x: 1, y: 1}
      m_Offset: {x: 0, y: 0}
      m_Rotation: 0
      m_Anchor: 9
    m_Material: {fileID: 2100000, guid: c22777d6e868e4f2fb421913386b154e, type: 2}
    m_SubmeshIndex: 0
    m_ManualUV: 0
    elementGroup: 0
    m_TextureGroup: 1
  - m_Indexes: 640000006500000066000000670000006400000066000000
    m_SmoothingGroup: 0
    m_Uv:
      m_UseWorldSpace: 0
      m_FlipU: 0
      m_FlipV: 0
      m_SwapUV: 0
      m_Fill: 1
      m_Scale: {x: 1, y: 1}
      m_Offset: {x: 0, y: 0}
      m_Rotation: 0
      m_Anchor: 9
    m_Material: {fileID: 2100000, guid: c22777d6e868e4f2fb421913386b154e, type: 2}
    m_SubmeshIndex: 0
    m_ManualUV: 0
    elementGroup: 0
    m_TextureGroup: 1
  - m_Indexes: 6b00000068000000690000006a0000006b00000069000000
    m_SmoothingGroup: 0
    m_Uv:
      m_UseWorldSpace: 0
      m_FlipU: 0
      m_FlipV: 0
      m_SwapUV: 0
      m_Fill: 1
      m_Scale: {x: 1, y: 1}
      m_Offset: {x: 0, y: 0}
      m_Rotation: 0
      m_Anchor: 9
    m_Material: {fileID: 2100000, guid: c22777d6e868e4f2fb421913386b154e, type: 2}
    m_SubmeshIndex: 0
    m_ManualUV: 0
    elementGroup: 0
    m_TextureGroup: 1
  - m_Indexes: 6e0000006f0000006c0000006d0000006e0000006c000000
    m_SmoothingGroup: 0
    m_Uv:
      m_UseWorldSpace: 0
      m_FlipU: 0
      m_FlipV: 0
      m_SwapUV: 0
      m_Fill: 1
      m_Scale: {x: 1, y: 1}
      m_Offset: {x: 0, y: 0}
      m_Rotation: 0
      m_Anchor: 9
    m_Material: {fileID: 2100000, guid: c22777d6e868e4f2fb421913386b154e, type: 2}
    m_SubmeshIndex: 0
    m_ManualUV: 0
    elementGroup: 0
    m_TextureGroup: 1
  - m_Indexes: 700000007100000072000000730000007000000072000000
    m_SmoothingGroup: 0
    m_Uv:
      m_UseWorldSpace: 0
      m_FlipU: 0
      m_FlipV: 0
      m_SwapUV: 0
      m_Fill: 1
      m_Scale: {x: 1, y: 1}
      m_Offset: {x: 0, y: 0}
      m_Rotation: 0
      m_Anchor: 9
    m_Material: {fileID: 2100000, guid: c22777d6e868e4f2fb421913386b154e, type: 2}
    m_SubmeshIndex: 0
    m_ManualUV: 0
    elementGroup: 0
    m_TextureGroup: 1
  - m_Indexes: 740000007500000076000000770000007400000076000000
    m_SmoothingGroup: 0
    m_Uv:
      m_UseWorldSpace: 0
      m_FlipU: 0
      m_FlipV: 0
      m_SwapUV: 0
      m_Fill: 1
      m_Scale: {x: 1, y: 1}
      m_Offset: {x: 0, y: 0}
      m_Rotation: 0
      m_Anchor: 9
    m_Material: {fileID: 2100000, guid: c22777d6e868e4f2fb421913386b154e, type: 2}
    m_SubmeshIndex: 0
    m_ManualUV: 0
    elementGroup: 0
    m_TextureGroup: 1
  - m_Indexes: 7b00000078000000790000007a0000007b00000079000000
    m_SmoothingGroup: 0
    m_Uv:
      m_UseWorldSpace: 0
      m_FlipU: 0
      m_FlipV: 0
      m_SwapUV: 0
      m_Fill: 1
      m_Scale: {x: 1, y: 1}
      m_Offset: {x: 0, y: 0}
      m_Rotation: 0
      m_Anchor: 9
    m_Material: {fileID: 2100000, guid: c22777d6e868e4f2fb421913386b154e, type: 2}
    m_SubmeshIndex: 0
    m_ManualUV: 0
    elementGroup: 0
    m_TextureGroup: 1
  - m_Indexes: 7e0000007f0000007c0000007d0000007e0000007c000000
    m_SmoothingGroup: 0
    m_Uv:
      m_UseWorldSpace: 0
      m_FlipU: 0
      m_FlipV: 0
      m_SwapUV: 0
      m_Fill: 1
      m_Scale: {x: 1, y: 1}
      m_Offset: {x: 0, y: 0}
      m_Rotation: 0
      m_Anchor: 9
    m_Material: {fileID: 2100000, guid: c22777d6e868e4f2fb421913386b154e, type: 2}
    m_SubmeshIndex: 0
    m_ManualUV: 0
    elementGroup: 0
    m_TextureGroup: 1
  - m_Indexes: 800000008100000082000000830000008000000082000000
    m_SmoothingGroup: 0
    m_Uv:
      m_UseWorldSpace: 0
      m_FlipU: 0
      m_FlipV: 0
      m_SwapUV: 0
      m_Fill: 1
      m_Scale: {x: 1, y: 1}
      m_Offset: {x: 0, y: 0}
      m_Rotation: 0
      m_Anchor: 9
    m_Material: {fileID: 2100000, guid: c22777d6e868e4f2fb421913386b154e, type: 2}
    m_SubmeshIndex: 0
    m_ManualUV: 0
    elementGroup: 0
    m_TextureGroup: 1
  - m_Indexes: 840000008500000086000000870000008400000086000000
    m_SmoothingGroup: 0
    m_Uv:
      m_UseWorldSpace: 0
      m_FlipU: 0
      m_FlipV: 0
      m_SwapUV: 0
      m_Fill: 1
      m_Scale: {x: 1, y: 1}
      m_Offset: {x: 0, y: 0}
      m_Rotation: 0
      m_Anchor: 9
    m_Material: {fileID: 2100000, guid: c22777d6e868e4f2fb421913386b154e, type: 2}
    m_SubmeshIndex: 0
    m_ManualUV: 0
    elementGroup: 0
    m_TextureGroup: 1
  - m_Indexes: 8b00000088000000890000008a0000008b00000089000000
    m_SmoothingGroup: 0
    m_Uv:
      m_UseWorldSpace: 0
      m_FlipU: 0
      m_FlipV: 0
      m_SwapUV: 0
      m_Fill: 1
      m_Scale: {x: 1, y: 1}
      m_Offset: {x: 0, y: 0}
      m_Rotation: 0
      m_Anchor: 9
    m_Material: {fileID: 2100000, guid: c22777d6e868e4f2fb421913386b154e, type: 2}
    m_SubmeshIndex: 0
    m_ManualUV: 0
    elementGroup: 0
    m_TextureGroup: 1
  - m_Indexes: 8e0000008f0000008c0000008d0000008e0000008c000000
    m_SmoothingGroup: 0
    m_Uv:
      m_UseWorldSpace: 0
      m_FlipU: 0
      m_FlipV: 0
      m_SwapUV: 0
      m_Fill: 1
      m_Scale: {x: 1, y: 1}
      m_Offset: {x: 0, y: 0}
      m_Rotation: 0
      m_Anchor: 9
    m_Material: {fileID: 2100000, guid: c22777d6e868e4f2fb421913386b154e, type: 2}
    m_SubmeshIndex: 0
    m_ManualUV: 0
    elementGroup: 0
    m_TextureGroup: 1
  - m_Indexes: 900000009100000092000000930000009000000092000000
    m_SmoothingGroup: 0
    m_Uv:
      m_UseWorldSpace: 0
      m_FlipU: 0
      m_FlipV: 0
      m_SwapUV: 0
      m_Fill: 1
      m_Scale: {x: 1, y: 1}
      m_Offset: {x: 0, y: 0}
      m_Rotation: 0
      m_Anchor: 9
    m_Material: {fileID: 2100000, guid: c22777d6e868e4f2fb421913386b154e, type: 2}
    m_SubmeshIndex: 0
    m_ManualUV: 0
    elementGroup: 0
    m_TextureGroup: 1
  - m_Indexes: 940000009500000096000000970000009400000096000000
    m_SmoothingGroup: 0
    m_Uv:
      m_UseWorldSpace: 0
      m_FlipU: 0
      m_FlipV: 0
      m_SwapUV: 0
      m_Fill: 1
      m_Scale: {x: 1, y: 1}
      m_Offset: {x: 0, y: 0}
      m_Rotation: 0
      m_Anchor: 9
    m_Material: {fileID: 2100000, guid: c22777d6e868e4f2fb421913386b154e, type: 2}
    m_SubmeshIndex: 0
    m_ManualUV: 0
    elementGroup: 0
    m_TextureGroup: 1
  - m_Indexes: 9b00000098000000990000009a0000009b00000099000000
    m_SmoothingGroup: 0
    m_Uv:
      m_UseWorldSpace: 0
      m_FlipU: 0
      m_FlipV: 0
      m_SwapUV: 0
      m_Fill: 1
      m_Scale: {x: 1, y: 1}
      m_Offset: {x: 0, y: 0}
      m_Rotation: 0
      m_Anchor: 9
    m_Material: {fileID: 2100000, guid: c22777d6e868e4f2fb421913386b154e, type: 2}
    m_SubmeshIndex: 0
    m_ManualUV: 0
    elementGroup: 0
    m_TextureGroup: 1
  - m_Indexes: 9e0000009f0000009c0000009d0000009e0000009c000000
    m_SmoothingGroup: 0
    m_Uv:
      m_UseWorldSpace: 0
      m_FlipU: 0
      m_FlipV: 0
      m_SwapUV: 0
      m_Fill: 1
      m_Scale: {x: 1, y: 1}
      m_Offset: {x: 0, y: 0}
      m_Rotation: 0
      m_Anchor: 9
    m_Material: {fileID: 2100000, guid: c22777d6e868e4f2fb421913386b154e, type: 2}
    m_SubmeshIndex: 0
    m_ManualUV: 0
    elementGroup: 0
    m_TextureGroup: 1
  - m_Indexes: a0000000a1000000a2000000a3000000a0000000a2000000
    m_SmoothingGroup: 0
    m_Uv:
      m_UseWorldSpace: 0
      m_FlipU: 0
      m_FlipV: 0
      m_SwapUV: 0
      m_Fill: 1
      m_Scale: {x: 1, y: 1}
      m_Offset: {x: 0, y: 0}
      m_Rotation: 0
      m_Anchor: 9
    m_Material: {fileID: 2100000, guid: c22777d6e868e4f2fb421913386b154e, type: 2}
    m_SubmeshIndex: 0
    m_ManualUV: 0
    elementGroup: 0
    m_TextureGroup: 1
  - m_Indexes: a4000000a5000000a6000000a7000000a4000000a6000000
    m_SmoothingGroup: 0
    m_Uv:
      m_UseWorldSpace: 0
      m_FlipU: 0
      m_FlipV: 0
      m_SwapUV: 0
      m_Fill: 1
      m_Scale: {x: 1, y: 1}
      m_Offset: {x: 0, y: 0}
      m_Rotation: 0
      m_Anchor: 9
    m_Material: {fileID: 2100000, guid: c22777d6e868e4f2fb421913386b154e, type: 2}
    m_SubmeshIndex: 0
    m_ManualUV: 0
    elementGroup: 0
    m_TextureGroup: 1
  - m_Indexes: ab000000a8000000a9000000aa000000ab000000a9000000
    m_SmoothingGroup: 0
    m_Uv:
      m_UseWorldSpace: 0
      m_FlipU: 0
      m_FlipV: 0
      m_SwapUV: 0
      m_Fill: 1
      m_Scale: {x: 1, y: 1}
      m_Offset: {x: 0, y: 0}
      m_Rotation: 0
      m_Anchor: 9
    m_Material: {fileID: 2100000, guid: c22777d6e868e4f2fb421913386b154e, type: 2}
    m_SubmeshIndex: 0
    m_ManualUV: 0
    elementGroup: 0
    m_TextureGroup: 1
  - m_Indexes: ae000000af000000ac000000ad000000ae000000ac000000
    m_SmoothingGroup: 0
    m_Uv:
      m_UseWorldSpace: 0
      m_FlipU: 0
      m_FlipV: 0
      m_SwapUV: 0
      m_Fill: 1
      m_Scale: {x: 1, y: 1}
      m_Offset: {x: 0, y: 0}
      m_Rotation: 0
      m_Anchor: 9
    m_Material: {fileID: 2100000, guid: c22777d6e868e4f2fb421913386b154e, type: 2}
    m_SubmeshIndex: 0
    m_ManualUV: 0
    elementGroup: 0
    m_TextureGroup: 1
  - m_Indexes: b0000000b1000000b2000000b3000000b0000000b2000000
    m_SmoothingGroup: 0
    m_Uv:
      m_UseWorldSpace: 0
      m_FlipU: 0
      m_FlipV: 0
      m_SwapUV: 0
      m_Fill: 1
      m_Scale: {x: 1, y: 1}
      m_Offset: {x: 0, y: 0}
      m_Rotation: 0
      m_Anchor: 9
    m_Material: {fileID: 2100000, guid: c22777d6e868e4f2fb421913386b154e, type: 2}
    m_SubmeshIndex: 0
    m_ManualUV: 0
    elementGroup: 0
    m_TextureGroup: 1
  - m_Indexes: b4000000b5000000b6000000b7000000b4000000b6000000
    m_SmoothingGroup: 0
    m_Uv:
      m_UseWorldSpace: 0
      m_FlipU: 0
      m_FlipV: 0
      m_SwapUV: 0
      m_Fill: 1
      m_Scale: {x: 1, y: 1}
      m_Offset: {x: 0, y: 0}
      m_Rotation: 0
      m_Anchor: 9
    m_Material: {fileID: 2100000, guid: c22777d6e868e4f2fb421913386b154e, type: 2}
    m_SubmeshIndex: 0
    m_ManualUV: 0
    elementGroup: 0
    m_TextureGroup: 1
  - m_Indexes: bb000000b8000000b9000000ba000000bb000000b9000000
    m_SmoothingGroup: 0
    m_Uv:
      m_UseWorldSpace: 0
      m_FlipU: 0
      m_FlipV: 0
      m_SwapUV: 0
      m_Fill: 1
      m_Scale: {x: 1, y: 1}
      m_Offset: {x: 0, y: 0}
      m_Rotation: 0
      m_Anchor: 9
    m_Material: {fileID: 2100000, guid: c22777d6e868e4f2fb421913386b154e, type: 2}
    m_SubmeshIndex: 0
    m_ManualUV: 0
    elementGroup: 0
    m_TextureGroup: 1
  - m_Indexes: be000000bf000000bc000000bd000000be000000bc000000
    m_SmoothingGroup: 0
    m_Uv:
      m_UseWorldSpace: 0
      m_FlipU: 0
      m_FlipV: 0
      m_SwapUV: 0
      m_Fill: 1
      m_Scale: {x: 1, y: 1}
      m_Offset: {x: 0, y: 0}
      m_Rotation: 0
      m_Anchor: 9
    m_Material: {fileID: 2100000, guid: c22777d6e868e4f2fb421913386b154e, type: 2}
    m_SubmeshIndex: 0
    m_ManualUV: 0
    elementGroup: 0
    m_TextureGroup: 1
  - m_Indexes: c0000000c1000000c2000000c3000000c0000000c2000000
    m_SmoothingGroup: 0
    m_Uv:
      m_UseWorldSpace: 0
      m_FlipU: 0
      m_FlipV: 0
      m_SwapUV: 0
      m_Fill: 1
      m_Scale: {x: 1, y: 1}
      m_Offset: {x: 0, y: 0}
      m_Rotation: 0
      m_Anchor: 9
    m_Material: {fileID: 2100000, guid: c22777d6e868e4f2fb421913386b154e, type: 2}
    m_SubmeshIndex: 0
    m_ManualUV: 0
    elementGroup: 0
    m_TextureGroup: 1
  - m_Indexes: c4000000c5000000c6000000c7000000c4000000c6000000
    m_SmoothingGroup: 0
    m_Uv:
      m_UseWorldSpace: 0
      m_FlipU: 0
      m_FlipV: 0
      m_SwapUV: 0
      m_Fill: 1
      m_Scale: {x: 1, y: 1}
      m_Offset: {x: 0, y: 0}
      m_Rotation: 0
      m_Anchor: 9
    m_Material: {fileID: 2100000, guid: c22777d6e868e4f2fb421913386b154e, type: 2}
    m_SubmeshIndex: 0
    m_ManualUV: 0
    elementGroup: 0
    m_TextureGroup: 1
  - m_Indexes: cb000000c8000000c9000000ca000000cb000000c9000000
    m_SmoothingGroup: 0
    m_Uv:
      m_UseWorldSpace: 0
      m_FlipU: 0
      m_FlipV: 0
      m_SwapUV: 0
      m_Fill: 1
      m_Scale: {x: 1, y: 1}
      m_Offset: {x: 0, y: 0}
      m_Rotation: 0
      m_Anchor: 9
    m_Material: {fileID: 2100000, guid: c22777d6e868e4f2fb421913386b154e, type: 2}
    m_SubmeshIndex: 0
    m_ManualUV: 0
    elementGroup: 0
    m_TextureGroup: 1
  - m_Indexes: ce000000cf000000cc000000cd000000ce000000cc000000
    m_SmoothingGroup: 0
    m_Uv:
      m_UseWorldSpace: 0
      m_FlipU: 0
      m_FlipV: 0
      m_SwapUV: 0
      m_Fill: 1
      m_Scale: {x: 1, y: 1}
      m_Offset: {x: 0, y: 0}
      m_Rotation: 0
      m_Anchor: 9
    m_Material: {fileID: 2100000, guid: c22777d6e868e4f2fb421913386b154e, type: 2}
    m_SubmeshIndex: 0
    m_ManualUV: 0
    elementGroup: 0
    m_TextureGroup: 1
  - m_Indexes: d0000000d1000000d2000000d3000000d0000000d2000000
    m_SmoothingGroup: 0
    m_Uv:
      m_UseWorldSpace: 0
      m_FlipU: 0
      m_FlipV: 0
      m_SwapUV: 0
      m_Fill: 1
      m_Scale: {x: 1, y: 1}
      m_Offset: {x: 0, y: 0}
      m_Rotation: 0
      m_Anchor: 9
    m_Material: {fileID: 2100000, guid: c22777d6e868e4f2fb421913386b154e, type: 2}
    m_SubmeshIndex: 0
    m_ManualUV: 0
    elementGroup: 0
    m_TextureGroup: 1
  - m_Indexes: d4000000d5000000d6000000d7000000d4000000d6000000
    m_SmoothingGroup: 0
    m_Uv:
      m_UseWorldSpace: 0
      m_FlipU: 0
      m_FlipV: 0
      m_SwapUV: 0
      m_Fill: 1
      m_Scale: {x: 1, y: 1}
      m_Offset: {x: 0, y: 0}
      m_Rotation: 0
      m_Anchor: 9
    m_Material: {fileID: 2100000, guid: c22777d6e868e4f2fb421913386b154e, type: 2}
    m_SubmeshIndex: 0
    m_ManualUV: 0
    elementGroup: 0
    m_TextureGroup: 1
  - m_Indexes: db000000d8000000d9000000da000000db000000d9000000
    m_SmoothingGroup: 0
    m_Uv:
      m_UseWorldSpace: 0
      m_FlipU: 0
      m_FlipV: 0
      m_SwapUV: 0
      m_Fill: 1
      m_Scale: {x: 1, y: 1}
      m_Offset: {x: 0, y: 0}
      m_Rotation: 0
      m_Anchor: 9
    m_Material: {fileID: 2100000, guid: c22777d6e868e4f2fb421913386b154e, type: 2}
    m_SubmeshIndex: 0
    m_ManualUV: 0
    elementGroup: 0
    m_TextureGroup: 1
  - m_Indexes: de000000df000000dc000000dd000000de000000dc000000
    m_SmoothingGroup: 0
    m_Uv:
      m_UseWorldSpace: 0
      m_FlipU: 0
      m_FlipV: 0
      m_SwapUV: 0
      m_Fill: 1
      m_Scale: {x: 1, y: 1}
      m_Offset: {x: 0, y: 0}
      m_Rotation: 0
      m_Anchor: 9
    m_Material: {fileID: 2100000, guid: c22777d6e868e4f2fb421913386b154e, type: 2}
    m_SubmeshIndex: 0
    m_ManualUV: 0
    elementGroup: 0
    m_TextureGroup: 1
  - m_Indexes: e0000000e1000000e2000000e3000000e0000000e2000000
    m_SmoothingGroup: 0
    m_Uv:
      m_UseWorldSpace: 0
      m_FlipU: 0
      m_FlipV: 0
      m_SwapUV: 0
      m_Fill: 1
      m_Scale: {x: 1, y: 1}
      m_Offset: {x: 0, y: 0}
      m_Rotation: 0
      m_Anchor: 9
    m_Material: {fileID: 2100000, guid: c22777d6e868e4f2fb421913386b154e, type: 2}
    m_SubmeshIndex: 0
    m_ManualUV: 0
    elementGroup: 0
    m_TextureGroup: 1
  - m_Indexes: e4000000e5000000e6000000e7000000e4000000e6000000
    m_SmoothingGroup: 0
    m_Uv:
      m_UseWorldSpace: 0
      m_FlipU: 0
      m_FlipV: 0
      m_SwapUV: 0
      m_Fill: 1
      m_Scale: {x: 1, y: 1}
      m_Offset: {x: 0, y: 0}
      m_Rotation: 0
      m_Anchor: 9
    m_Material: {fileID: 2100000, guid: c22777d6e868e4f2fb421913386b154e, type: 2}
    m_SubmeshIndex: 0
    m_ManualUV: 0
    elementGroup: 0
    m_TextureGroup: 1
  - m_Indexes: eb000000e8000000e9000000ea000000eb000000e9000000
    m_SmoothingGroup: 0
    m_Uv:
      m_UseWorldSpace: 0
      m_FlipU: 0
      m_FlipV: 0
      m_SwapUV: 0
      m_Fill: 1
      m_Scale: {x: 1, y: 1}
      m_Offset: {x: 0, y: 0}
      m_Rotation: 0
      m_Anchor: 9
    m_Material: {fileID: 2100000, guid: c22777d6e868e4f2fb421913386b154e, type: 2}
    m_SubmeshIndex: 0
    m_ManualUV: 0
    elementGroup: 0
    m_TextureGroup: 1
  - m_Indexes: ee000000ef000000ec000000ed000000ee000000ec000000
    m_SmoothingGroup: 0
    m_Uv:
      m_UseWorldSpace: 0
      m_FlipU: 0
      m_FlipV: 0
      m_SwapUV: 0
      m_Fill: 1
      m_Scale: {x: 1, y: 1}
      m_Offset: {x: 0, y: 0}
      m_Rotation: 0
      m_Anchor: 9
    m_Material: {fileID: 2100000, guid: c22777d6e868e4f2fb421913386b154e, type: 2}
    m_SubmeshIndex: 0
    m_ManualUV: 0
    elementGroup: 0
    m_TextureGroup: 1
  - m_Indexes: f0000000f1000000f2000000f3000000f0000000f2000000
    m_SmoothingGroup: 0
    m_Uv:
      m_UseWorldSpace: 0
      m_FlipU: 0
      m_FlipV: 0
      m_SwapUV: 0
      m_Fill: 1
      m_Scale: {x: 1, y: 1}
      m_Offset: {x: 0, y: 0}
      m_Rotation: 0
      m_Anchor: 9
    m_Material: {fileID: 2100000, guid: c22777d6e868e4f2fb421913386b154e, type: 2}
    m_SubmeshIndex: 0
    m_ManualUV: 0
    elementGroup: 0
    m_TextureGroup: 1
  - m_Indexes: f4000000f5000000f6000000f7000000f4000000f6000000
    m_SmoothingGroup: 0
    m_Uv:
      m_UseWorldSpace: 0
      m_FlipU: 0
      m_FlipV: 0
      m_SwapUV: 0
      m_Fill: 1
      m_Scale: {x: 1, y: 1}
      m_Offset: {x: 0, y: 0}
      m_Rotation: 0
      m_Anchor: 9
    m_Material: {fileID: 2100000, guid: c22777d6e868e4f2fb421913386b154e, type: 2}
    m_SubmeshIndex: 0
    m_ManualUV: 0
    elementGroup: 0
    m_TextureGroup: 1
  - m_Indexes: fb000000f8000000f9000000fa000000fb000000f9000000
    m_SmoothingGroup: 0
    m_Uv:
      m_UseWorldSpace: 0
      m_FlipU: 0
      m_FlipV: 0
      m_SwapUV: 0
      m_Fill: 1
      m_Scale: {x: 1, y: 1}
      m_Offset: {x: 0, y: 0}
      m_Rotation: 0
      m_Anchor: 9
    m_Material: {fileID: 2100000, guid: c22777d6e868e4f2fb421913386b154e, type: 2}
    m_SubmeshIndex: 0
    m_ManualUV: 0
    elementGroup: 0
    m_TextureGroup: 1
  - m_Indexes: fe000000ff000000fc000000fd000000fe000000fc000000
    m_SmoothingGroup: 0
    m_Uv:
      m_UseWorldSpace: 0
      m_FlipU: 0
      m_FlipV: 0
      m_SwapUV: 0
      m_Fill: 1
      m_Scale: {x: 1, y: 1}
      m_Offset: {x: 0, y: 0}
      m_Rotation: 0
      m_Anchor: 9
    m_Material: {fileID: 2100000, guid: c22777d6e868e4f2fb421913386b154e, type: 2}
    m_SubmeshIndex: 0
    m_ManualUV: 0
    elementGroup: 0
    m_TextureGroup: 1
  - m_Indexes: 000100000101000002010000030100000001000002010000
    m_SmoothingGroup: 0
    m_Uv:
      m_UseWorldSpace: 0
      m_FlipU: 0
      m_FlipV: 0
      m_SwapUV: 0
      m_Fill: 1
      m_Scale: {x: 1, y: 1}
      m_Offset: {x: 0, y: 0}
      m_Rotation: 0
      m_Anchor: 9
    m_Material: {fileID: 2100000, guid: c22777d6e868e4f2fb421913386b154e, type: 2}
    m_SubmeshIndex: 0
    m_ManualUV: 0
    elementGroup: 0
    m_TextureGroup: 1
  - m_Indexes: 040100000501000006010000070100000401000006010000
    m_SmoothingGroup: 0
    m_Uv:
      m_UseWorldSpace: 0
      m_FlipU: 0
      m_FlipV: 0
      m_SwapUV: 0
      m_Fill: 1
      m_Scale: {x: 1, y: 1}
      m_Offset: {x: 0, y: 0}
      m_Rotation: 0
      m_Anchor: 9
    m_Material: {fileID: 2100000, guid: c22777d6e868e4f2fb421913386b154e, type: 2}
    m_SubmeshIndex: 0
    m_ManualUV: 0
    elementGroup: 0
    m_TextureGroup: 1
  - m_Indexes: 0b01000008010000090100000a0100000b01000009010000
    m_SmoothingGroup: 0
    m_Uv:
      m_UseWorldSpace: 0
      m_FlipU: 0
      m_FlipV: 0
      m_SwapUV: 0
      m_Fill: 1
      m_Scale: {x: 1, y: 1}
      m_Offset: {x: 0, y: 0}
      m_Rotation: 0
      m_Anchor: 9
    m_Material: {fileID: 2100000, guid: c22777d6e868e4f2fb421913386b154e, type: 2}
    m_SubmeshIndex: 0
    m_ManualUV: 0
    elementGroup: 0
    m_TextureGroup: 1
  - m_Indexes: 0e0100000f0100000c0100000d0100000e0100000c010000
    m_SmoothingGroup: 0
    m_Uv:
      m_UseWorldSpace: 0
      m_FlipU: 0
      m_FlipV: 0
      m_SwapUV: 0
      m_Fill: 1
      m_Scale: {x: 1, y: 1}
      m_Offset: {x: 0, y: 0}
      m_Rotation: 0
      m_Anchor: 9
    m_Material: {fileID: 2100000, guid: c22777d6e868e4f2fb421913386b154e, type: 2}
    m_SubmeshIndex: 0
    m_ManualUV: 0
    elementGroup: 0
    m_TextureGroup: 1
  - m_Indexes: 100100001101000012010000130100001001000012010000
    m_SmoothingGroup: 0
    m_Uv:
      m_UseWorldSpace: 0
      m_FlipU: 0
      m_FlipV: 0
      m_SwapUV: 0
      m_Fill: 1
      m_Scale: {x: 1, y: 1}
      m_Offset: {x: 0, y: 0}
      m_Rotation: 0
      m_Anchor: 9
    m_Material: {fileID: 2100000, guid: c22777d6e868e4f2fb421913386b154e, type: 2}
    m_SubmeshIndex: 0
    m_ManualUV: 0
    elementGroup: 0
    m_TextureGroup: 1
  - m_Indexes: 140100001501000016010000170100001401000016010000
    m_SmoothingGroup: 0
    m_Uv:
      m_UseWorldSpace: 0
      m_FlipU: 0
      m_FlipV: 0
      m_SwapUV: 0
      m_Fill: 1
      m_Scale: {x: 1, y: 1}
      m_Offset: {x: 0, y: 0}
      m_Rotation: 0
      m_Anchor: 9
    m_Material: {fileID: 2100000, guid: c22777d6e868e4f2fb421913386b154e, type: 2}
    m_SubmeshIndex: 0
    m_ManualUV: 0
    elementGroup: 0
    m_TextureGroup: 1
  - m_Indexes: 1b01000018010000190100001a0100001b01000019010000
    m_SmoothingGroup: 0
    m_Uv:
      m_UseWorldSpace: 0
      m_FlipU: 0
      m_FlipV: 0
      m_SwapUV: 0
      m_Fill: 1
      m_Scale: {x: 1, y: 1}
      m_Offset: {x: 0, y: 0}
      m_Rotation: 0
      m_Anchor: 9
    m_Material: {fileID: 2100000, guid: c22777d6e868e4f2fb421913386b154e, type: 2}
    m_SubmeshIndex: 0
    m_ManualUV: 0
    elementGroup: 0
    m_TextureGroup: 1
  - m_Indexes: 1e0100001f0100001c0100001d0100001e0100001c010000
    m_SmoothingGroup: 0
    m_Uv:
      m_UseWorldSpace: 0
      m_FlipU: 0
      m_FlipV: 0
      m_SwapUV: 0
      m_Fill: 1
      m_Scale: {x: 1, y: 1}
      m_Offset: {x: 0, y: 0}
      m_Rotation: 0
      m_Anchor: 9
    m_Material: {fileID: 2100000, guid: c22777d6e868e4f2fb421913386b154e, type: 2}
    m_SubmeshIndex: 0
    m_ManualUV: 0
    elementGroup: 0
    m_TextureGroup: 1
  - m_Indexes: 200100002101000022010000230100002001000022010000
    m_SmoothingGroup: 0
    m_Uv:
      m_UseWorldSpace: 0
      m_FlipU: 0
      m_FlipV: 0
      m_SwapUV: 0
      m_Fill: 1
      m_Scale: {x: 1, y: 1}
      m_Offset: {x: 0, y: 0}
      m_Rotation: 0
      m_Anchor: 9
    m_Material: {fileID: 2100000, guid: c22777d6e868e4f2fb421913386b154e, type: 2}
    m_SubmeshIndex: 0
    m_ManualUV: 0
    elementGroup: 0
    m_TextureGroup: 1
  - m_Indexes: 240100002501000026010000270100002401000026010000
    m_SmoothingGroup: 0
    m_Uv:
      m_UseWorldSpace: 0
      m_FlipU: 0
      m_FlipV: 0
      m_SwapUV: 0
      m_Fill: 1
      m_Scale: {x: 1, y: 1}
      m_Offset: {x: 0, y: 0}
      m_Rotation: 0
      m_Anchor: 9
    m_Material: {fileID: 2100000, guid: c22777d6e868e4f2fb421913386b154e, type: 2}
    m_SubmeshIndex: 0
    m_ManualUV: 0
    elementGroup: 0
    m_TextureGroup: 1
  - m_Indexes: 2b01000028010000290100002a0100002b01000029010000
    m_SmoothingGroup: 0
    m_Uv:
      m_UseWorldSpace: 0
      m_FlipU: 0
      m_FlipV: 0
      m_SwapUV: 0
      m_Fill: 1
      m_Scale: {x: 1, y: 1}
      m_Offset: {x: 0, y: 0}
      m_Rotation: 0
      m_Anchor: 9
    m_Material: {fileID: 2100000, guid: c22777d6e868e4f2fb421913386b154e, type: 2}
    m_SubmeshIndex: 0
    m_ManualUV: 0
    elementGroup: 0
    m_TextureGroup: 1
  - m_Indexes: 2e0100002f0100002c0100002d0100002e0100002c010000
    m_SmoothingGroup: 0
    m_Uv:
      m_UseWorldSpace: 0
      m_FlipU: 0
      m_FlipV: 0
      m_SwapUV: 0
      m_Fill: 1
      m_Scale: {x: 1, y: 1}
      m_Offset: {x: 0, y: 0}
      m_Rotation: 0
      m_Anchor: 9
    m_Material: {fileID: 2100000, guid: c22777d6e868e4f2fb421913386b154e, type: 2}
    m_SubmeshIndex: 0
    m_ManualUV: 0
    elementGroup: 0
    m_TextureGroup: 1
  m_SharedVertices:
  - m_Vertices: 000000001e00000028000000
  - m_Vertices: 01000000110000001d000000
  - m_Vertices: 020000000500000029000000
  - m_Vertices: 030000000600000010000000
  - m_Vertices: 040000002a00000059000000
  - m_Vertices: 070000000f000000ad000000
  - m_Vertices: 08000000aa000000ac000000
  - m_Vertices: 090000009d000000a9000000
  - m_Vertices: 0a0000009a0000009c000000
  - m_Vertices: 0b0000006d00000099000000
  - m_Vertices: 0c0000006a0000006c000000
  - m_Vertices: 0d0000005d00000069000000
  - m_Vertices: 0e0000005a0000005c000000
  - m_Vertices: 120000001c000000b0000000
  - m_Vertices: 13000000b3000000be000000
  - m_Vertices: 14000000bd000000e0000000
  - m_Vertices: 15000000e3000000ee000000
  - m_Vertices: 1600000070000000ed000000
  - m_Vertices: 17000000730000007e000000
  - m_Vertices: 180000007d000000a0000000
  - m_Vertices: 19000000a3000000ae000000
  - m_Vertices: 1a000000b5000000c0000000
  - m_Vertices: 1b000000b1000000b4000000
  - m_Vertices: 1f0000002700000005010000
  - m_Vertices: 200000000101000004010000
  - m_Vertices: 21000000f500000000010000
  - m_Vertices: 22000000f1000000f4000000
  - m_Vertices: 23000000c5000000f0000000
  - m_Vertices: 24000000c1000000c4000000
  - m_Vertices: 250000000901000015010000
  - m_Vertices: 260000000601000008010000
  - m_Vertices: 2b0000005600000058000000
  - m_Vertices: 2c0000004900000055000000
  - m_Vertices: 2d0000004600000048000000
  - m_Vertices: 2e0000004500000019010000
  - m_Vertices: 2f0000001601000018010000
  - m_Vertices: 3000000085000000d90000002d010000
  - m_Vertices: 31000000340000002a0100002c010000
  - m_Vertices: 32000000370000003b0000003f000000
  - m_Vertices: 330000003e0000008600000088000000
  - m_Vertices: 35000000400000001d01000029010000
  - m_Vertices: 3600000038000000430000004e000000
  - m_Vertices: 390000004d0000005000000065000000
  - m_Vertices: 3a0000003c0000006100000064000000
  - m_Vertices: 3d000000600000008900000095000000
  - m_Vertices: 41000000440000001a0100001c010000
  - m_Vertices: 42000000470000004b0000004f000000
  - m_Vertices: 4a0000004c0000005100000054000000
  - m_Vertices: 52000000570000005b0000005f000000
  - m_Vertices: 530000005e0000006600000068000000
  - m_Vertices: 62000000670000006b0000006f000000
  - m_Vertices: 630000006e0000009600000098000000
  - m_Vertices: 7100000074000000ea000000ec000000
  - m_Vertices: 72000000770000007b0000007f000000
  - m_Vertices: 7500000080000000dd000000e9000000
  - m_Vertices: 7600000078000000830000008e000000
  - m_Vertices: 790000008d00000090000000a5000000
  - m_Vertices: 7a0000007c000000a1000000a4000000
  - m_Vertices: 8100000084000000da000000dc000000
  - m_Vertices: 82000000870000008b0000008f000000
  - m_Vertices: 8a0000008c0000009100000094000000
  - m_Vertices: 92000000970000009b0000009f000000
  - m_Vertices: 930000009e000000a6000000a8000000
  - m_Vertices: a2000000a7000000ab000000af000000
  - m_Vertices: b2000000b7000000bb000000bf000000
  - m_Vertices: b6000000b8000000c3000000ce000000
  - m_Vertices: b9000000cd000000d0000000e5000000
  - m_Vertices: ba000000bc000000e1000000e4000000
  - m_Vertices: c2000000c7000000cb000000cf000000
  - m_Vertices: c6000000c8000000f3000000fe000000
  - m_Vertices: c9000000d5000000fd00000020010000
  - m_Vertices: ca000000cc000000d1000000d4000000
  - m_Vertices: d2000000d7000000db000000df000000
  - m_Vertices: d3000000de000000e6000000e8000000
  - m_Vertices: d6000000d8000000230100002e010000
  - m_Vertices: e2000000e7000000eb000000ef000000
  - m_Vertices: f2000000f7000000fb000000ff000000
  - m_Vertices: f6000000f8000000030100000e010000
  - m_Vertices: f90000000d0100001001000025010000
  - m_Vertices: fa000000fc0000002101000024010000
  - m_Vertices: 02010000070100000b0100000f010000
  - m_Vertices: 0a0100000c0100001101000014010000
  - m_Vertices: 12010000170100001b0100001f010000
  - m_Vertices: 130100001e0100002601000028010000
  - m_Vertices: 22010000270100002b0100002f010000
  m_SharedTextures: []
  m_Positions:
  - {x: 0, y: 0, z: -1}
  - {x: 1, y: 0, z: -1}
  - {x: 0, y: 0, z: 0}
  - {x: 1, y: 0, z: 0}
  - {x: 0, y: 1, z: 0}
  - {x: 0, y: 0, z: 0}
  - {x: 1, y: 0, z: 0}
  - {x: 1, y: 1, z: 0}
  - {x: 0.875, y: 1, z: 0}
  - {x: 0.75, y: 1, z: 0}
  - {x: 0.625, y: 1, z: 0}
  - {x: 0.5, y: 1, z: 0}
  - {x: 0.375, y: 1, z: 0}
  - {x: 0.25, y: 1, z: 0}
  - {x: 0.125, y: 1, z: 0}
  - {x: 1, y: 1, z: 0}
  - {x: 1, y: 0, z: 0}
  - {x: 1, y: 0, z: -1}
  - {x: 1, y: 1, z: -1}
  - {x: 1, y: 1, z: -0.875}
  - {x: 1, y: 1, z: -0.75}
  - {x: 1, y: 1, z: -0.625}
  - {x: 1, y: 1, z: -0.5}
  - {x: 1, y: 1, z: -0.375}
  - {x: 1, y: 1, z: -0.25}
  - {x: 1, y: 1, z: -0.125}
  - {x: 0.75, y: 1, z: -1}
  - {x: 0.875, y: 1, z: -1}
  - {x: 1, y: 1, z: -1}
  - {x: 1, y: 0, z: -1}
  - {x: 0, y: 0, z: -1}
  - {x: 0, y: 1, z: -1}
  - {x: 0.125, y: 1, z: -1}
  - {x: 0.25, y: 1, z: -1}
  - {x: 0.375, y: 1, z: -1}
  - {x: 0.5, y: 1, z: -1}
  - {x: 0.625, y: 1, z: -1}
  - {x: 0, y: 1, z: -0.75}
  - {x: 0, y: 1, z: -0.875}
  - {x: 0, y: 1, z: -1}
  - {x: 0, y: 0, z: -1}
  - {x: 0, y: 0, z: 0}
  - {x: 0, y: 1, z: 0}
  - {x: 0, y: 1, z: -0.125}
  - {x: 0, y: 1, z: -0.25}
  - {x: 0, y: 1, z: -0.375}
  - {x: 0, y: 1, z: -0.5}
  - {x: 0, y: 1, z: -0.625}
  - {x: 0.5, y: 2.9081364, z: -0.49999994}
  - {x: 0.375, y: 2.9081364, z: -0.49999994}
  - {x: 0.375, y: 2.9081364, z: -0.375}
  - {x: 0.5, y: 2.9081364, z: -0.375}
  - {x: 0.375, y: 2.9081364, z: -0.49999994}
  - {x: 0.25, y: 2.9081364, z: -0.49999994}
  - {x: 0.25, y: 2.9081364, z: -0.375}
  - {x: 0.375, y: 2.9081364, z: -0.375}
  - {x: 0.25, y: 2.9081364, z: -0.375}
  - {x: 0.25, y: 2.9081364, z: -0.24999997}
  - {x: 0.375, y: 2.9081364, z: -0.24999997}
  - {x: 0.375, y: 2.9081364, z: -0.375}
  - {x: 0.375, y: 2.9081364, z: -0.24999997}
  - {x: 0.5, y: 2.9081364, z: -0.24999997}
  - {x: 0.5, y: 2.9081364, z: -0.375}
  - {x: 0.375, y: 2.9081364, z: -0.375}
  - {x: 0.25, y: 2.9081364, z: -0.49999994}
  - {x: 0.125, y: 1.8348103, z: -0.49999994}
  - {x: 0.125, y: 1.8348103, z: -0.375}
  - {x: 0.25, y: 2.9081364, z: -0.375}
  - {x: 0.125, y: 1.8348103, z: -0.49999994}
  - {x: 0, y: 1, z: -0.5}
  - {x: 0, y: 1, z: -0.375}
  - {x: 0.125, y: 1.8348103, z: -0.375}
  - {x: 0, y: 1, z: -0.375}
  - {x: 0, y: 1, z: -0.25}
  - {x: 0.125, y: 1.8348103, z: -0.24999997}
  - {x: 0.125, y: 1.8348103, z: -0.375}
  - {x: 0.125, y: 1.8348103, z: -0.24999997}
  - {x: 0.25, y: 2.9081364, z: -0.24999997}
  - {x: 0.25, y: 2.9081364, z: -0.375}
  - {x: 0.125, y: 1.8348103, z: -0.375}
  - {x: 0.25, y: 2.9081364, z: -0.24999997}
  - {x: 0.125, y: 1.8348103, z: -0.24999997}
  - {x: 0.125, y: 1.8348103, z: -0.12499999}
  - {x: 0.25, y: 1.8348103, z: -0.12499999}
  - {x: 0.125, y: 1.8348103, z: -0.24999997}
  - {x: 0, y: 1, z: -0.25}
  - {x: 0, y: 1, z: -0.125}
  - {x: 0.125, y: 1.8348103, z: -0.12499999}
  - {x: 0, y: 1, z: -0.125}
  - {x: 0, y: 1, z: 0}
  - {x: 0.125, y: 1, z: 0}
  - {x: 0.125, y: 1.8348103, z: -0.12499999}
  - {x: 0.125, y: 1, z: 0}
  - {x: 0.25, y: 1, z: 0}
  - {x: 0.25, y: 1.8348103, z: -0.12499999}
  - {x: 0.125, y: 1.8348103, z: -0.12499999}
  - {x: 0.5, y: 2.9081364, z: -0.24999997}
  - {x: 0.375, y: 2.9081364, z: -0.24999997}
  - {x: 0.375, y: 1.8348103, z: -0.12499999}
  - {x: 0.5, y: 1.8348103, z: -0.12499999}
  - {x: 0.375, y: 2.9081364, z: -0.24999997}
  - {x: 0.25, y: 2.9081364, z: -0.24999997}
  - {x: 0.25, y: 1.8348103, z: -0.12499999}
  - {x: 0.375, y: 1.8348103, z: -0.12499999}
  - {x: 0.25, y: 1.8348103, z: -0.12499999}
  - {x: 0.25, y: 1, z: 0}
  - {x: 0.375, y: 1, z: 0}
  - {x: 0.375, y: 1.8348103, z: -0.12499999}
  - {x: 0.375, y: 1, z: 0}
  - {x: 0.5, y: 1, z: 0}
  - {x: 0.5, y: 1.8348103, z: -0.12499999}
  - {x: 0.375, y: 1.8348103, z: -0.12499999}
  - {x: 1, y: 1, z: -0.5}
  - {x: 0.875, y: 1.8348103, z: -0.49999994}
  - {x: 0.875, y: 1.8348103, z: -0.375}
  - {x: 1, y: 1, z: -0.375}
  - {x: 0.875, y: 1.8348103, z: -0.49999994}
  - {x: 0.75, y: 2.9081364, z: -0.49999994}
  - {x: 0.75, y: 2.9081364, z: -0.375}
  - {x: 0.875, y: 1.8348103, z: -0.375}
  - {x: 0.75, y: 2.9081364, z: -0.375}
  - {x: 0.75, y: 2.9081364, z: -0.24999997}
  - {x: 0.875, y: 1.8348103, z: -0.24999997}
  - {x: 0.875, y: 1.8348103, z: -0.375}
  - {x: 0.875, y: 1.8348103, z: -0.24999997}
  - {x: 1, y: 1, z: -0.25}
  - {x: 1, y: 1, z: -0.375}
  - {x: 0.875, y: 1.8348103, z: -0.375}
  - {x: 0.75, y: 2.9081364, z: -0.49999994}
  - {x: 0.625, y: 2.9081364, z: -0.49999994}
  - {x: 0.625, y: 2.9081364, z: -0.375}
  - {x: 0.75, y: 2.9081364, z: -0.375}
  - {x: 0.625, y: 2.9081364, z: -0.49999994}
  - {x: 0.5, y: 2.9081364, z: -0.49999994}
  - {x: 0.5, y: 2.9081364, z: -0.375}
  - {x: 0.625, y: 2.9081364, z: -0.375}
  - {x: 0.5, y: 2.9081364, z: -0.375}
  - {x: 0.5, y: 2.9081364, z: -0.24999997}
  - {x: 0.625, y: 2.9081364, z: -0.24999997}
  - {x: 0.625, y: 2.9081364, z: -0.375}
  - {x: 0.625, y: 2.9081364, z: -0.24999997}
  - {x: 0.75, y: 2.9081364, z: -0.24999997}
  - {x: 0.75, y: 2.9081364, z: -0.375}
  - {x: 0.625, y: 2.9081364, z: -0.375}
  - {x: 0.75, y: 2.9081364, z: -0.24999997}
  - {x: 0.625, y: 2.9081364, z: -0.24999997}
  - {x: 0.625, y: 1.8348103, z: -0.12499999}
  - {x: 0.75, y: 1.8348103, z: -0.12499999}
  - {x: 0.625, y: 2.9081364, z: -0.24999997}
  - {x: 0.5, y: 2.9081364, z: -0.24999997}
  - {x: 0.5, y: 1.8348103, z: -0.12499999}
  - {x: 0.625, y: 1.8348103, z: -0.12499999}
  - {x: 0.5, y: 1.8348103, z: -0.12499999}
  - {x: 0.5, y: 1, z: 0}
  - {x: 0.625, y: 1, z: 0}
  - {x: 0.625, y: 1.8348103, z: -0.12499999}
  - {x: 0.625, y: 1, z: 0}
  - {x: 0.75, y: 1, z: 0}
  - {x: 0.75, y: 1.8348103, z: -0.12499999}
  - {x: 0.625, y: 1.8348103, z: -0.12499999}
  - {x: 1, y: 1, z: -0.25}
  - {x: 0.875, y: 1.8348103, z: -0.24999997}
  - {x: 0.875, y: 1.8348103, z: -0.12499999}
  - {x: 1, y: 1, z: -0.125}
  - {x: 0.875, y: 1.8348103, z: -0.24999997}
  - {x: 0.75, y: 2.9081364, z: -0.24999997}
  - {x: 0.75, y: 1.8348103, z: -0.12499999}
  - {x: 0.875, y: 1.8348103, z: -0.12499999}
  - {x: 0.75, y: 1.8348103, z: -0.12499999}
  - {x: 0.75, y: 1, z: 0}
  - {x: 0.875, y: 1, z: 0}
  - {x: 0.875, y: 1.8348103, z: -0.12499999}
  - {x: 0.875, y: 1, z: 0}
  - {x: 1, y: 1, z: 0}
  - {x: 1, y: 1, z: -0.125}
  - {x: 0.875, y: 1.8348103, z: -0.12499999}
  - {x: 1, y: 1, z: -1}
  - {x: 0.875, y: 1, z: -1}
  - {x: 0.875, y: 1.8348103, z: -0.875}
  - {x: 1, y: 1, z: -0.875}
  - {x: 0.875, y: 1, z: -1}
  - {x: 0.75, y: 1, z: -1}
  - {x: 0.75, y: 1.8348103, z: -0.875}
  - {x: 0.875, y: 1.8348103, z: -0.875}
  - {x: 0.75, y: 1.8348103, z: -0.875}
  - {x: 0.75, y: 2.9081364, z: -0.75}
  - {x: 0.875, y: 1.8348103, z: -0.75}
  - {x: 0.875, y: 1.8348103, z: -0.875}
  - {x: 0.875, y: 1.8348103, z: -0.75}
  - {x: 1, y: 1, z: -0.75}
  - {x: 1, y: 1, z: -0.875}
  - {x: 0.875, y: 1.8348103, z: -0.875}
  - {x: 0.75, y: 1, z: -1}
  - {x: 0.625, y: 1, z: -1}
  - {x: 0.625, y: 1.8348103, z: -0.875}
  - {x: 0.75, y: 1.8348103, z: -0.875}
  - {x: 0.625, y: 1, z: -1}
  - {x: 0.5, y: 1, z: -1}
  - {x: 0.5, y: 1.8348103, z: -0.875}
  - {x: 0.625, y: 1.8348103, z: -0.875}
  - {x: 0.5, y: 1.8348103, z: -0.875}
  - {x: 0.5, y: 2.9081364, z: -0.75}
  - {x: 0.625, y: 2.9081364, z: -0.75}
  - {x: 0.625, y: 1.8348103, z: -0.875}
  - {x: 0.625, y: 2.9081364, z: -0.75}
  - {x: 0.75, y: 2.9081364, z: -0.75}
  - {x: 0.75, y: 1.8348103, z: -0.875}
  - {x: 0.625, y: 1.8348103, z: -0.875}
  - {x: 0.75, y: 2.9081364, z: -0.75}
  - {x: 0.625, y: 2.9081364, z: -0.75}
  - {x: 0.625, y: 2.9081364, z: -0.625}
  - {x: 0.75, y: 2.9081364, z: -0.625}
  - {x: 0.625, y: 2.9081364, z: -0.75}
  - {x: 0.5, y: 2.9081364, z: -0.75}
  - {x: 0.5, y: 2.9081364, z: -0.625}
  - {x: 0.625, y: 2.9081364, z: -0.625}
  - {x: 0.5, y: 2.9081364, z: -0.625}
  - {x: 0.5, y: 2.9081364, z: -0.49999994}
  - {x: 0.625, y: 2.9081364, z: -0.49999994}
  - {x: 0.625, y: 2.9081364, z: -0.625}
  - {x: 0.625, y: 2.9081364, z: -0.49999994}
  - {x: 0.75, y: 2.9081364, z: -0.49999994}
  - {x: 0.75, y: 2.9081364, z: -0.625}
  - {x: 0.625, y: 2.9081364, z: -0.625}
  - {x: 1, y: 1, z: -0.75}
  - {x: 0.875, y: 1.8348103, z: -0.75}
  - {x: 0.875, y: 1.8348103, z: -0.625}
  - {x: 1, y: 1, z: -0.625}
  - {x: 0.875, y: 1.8348103, z: -0.75}
  - {x: 0.75, y: 2.9081364, z: -0.75}
  - {x: 0.75, y: 2.9081364, z: -0.625}
  - {x: 0.875, y: 1.8348103, z: -0.625}
  - {x: 0.75, y: 2.9081364, z: -0.625}
  - {x: 0.75, y: 2.9081364, z: -0.49999994}
  - {x: 0.875, y: 1.8348103, z: -0.49999994}
  - {x: 0.875, y: 1.8348103, z: -0.625}
  - {x: 0.875, y: 1.8348103, z: -0.49999994}
  - {x: 1, y: 1, z: -0.5}
  - {x: 1, y: 1, z: -0.625}
  - {x: 0.875, y: 1.8348103, z: -0.625}
  - {x: 0.5, y: 1, z: -1}
  - {x: 0.375, y: 1, z: -1}
  - {x: 0.375, y: 1.8348103, z: -0.875}
  - {x: 0.5, y: 1.8348103, z: -0.875}
  - {x: 0.375, y: 1, z: -1}
  - {x: 0.25, y: 1, z: -1}
  - {x: 0.25, y: 1.8348103, z: -0.875}
  - {x: 0.375, y: 1.8348103, z: -0.875}
  - {x: 0.25, y: 1.8348103, z: -0.875}
  - {x: 0.25, y: 2.9081364, z: -0.75}
  - {x: 0.375, y: 2.9081364, z: -0.75}
  - {x: 0.375, y: 1.8348103, z: -0.875}
  - {x: 0.375, y: 2.9081364, z: -0.75}
  - {x: 0.5, y: 2.9081364, z: -0.75}
  - {x: 0.5, y: 1.8348103, z: -0.875}
  - {x: 0.375, y: 1.8348103, z: -0.875}
  - {x: 0.25, y: 1, z: -1}
  - {x: 0.125, y: 1, z: -1}
  - {x: 0.125, y: 1.8348103, z: -0.875}
  - {x: 0.25, y: 1.8348103, z: -0.875}
  - {x: 0.125, y: 1, z: -1}
  - {x: 0, y: 1, z: -1}
  - {x: 0, y: 1, z: -0.875}
  - {x: 0.125, y: 1.8348103, z: -0.875}
  - {x: 0, y: 1, z: -0.875}
  - {x: 0, y: 1, z: -0.75}
  - {x: 0.125, y: 1.8348103, z: -0.75}
  - {x: 0.125, y: 1.8348103, z: -0.875}
  - {x: 0.125, y: 1.8348103, z: -0.75}
  - {x: 0.25, y: 2.9081364, z: -0.75}
  - {x: 0.25, y: 1.8348103, z: -0.875}
  - {x: 0.125, y: 1.8348103, z: -0.875}
  - {x: 0.25, y: 2.9081364, z: -0.75}
  - {x: 0.125, y: 1.8348103, z: -0.75}
  - {x: 0.125, y: 1.8348103, z: -0.625}
  - {x: 0.25, y: 2.9081364, z: -0.625}
  - {x: 0.125, y: 1.8348103, z: -0.75}
  - {x: 0, y: 1, z: -0.75}
  - {x: 0, y: 1, z: -0.625}
  - {x: 0.125, y: 1.8348103, z: -0.625}
  - {x: 0, y: 1, z: -0.625}
  - {x: 0, y: 1, z: -0.5}
  - {x: 0.125, y: 1.8348103, z: -0.49999994}
  - {x: 0.125, y: 1.8348103, z: -0.625}
  - {x: 0.125, y: 1.8348103, z: -0.49999994}
  - {x: 0.25, y: 2.9081364, z: -0.49999994}
  - {x: 0.25, y: 2.9081364, z: -0.625}
  - {x: 0.125, y: 1.8348103, z: -0.625}
  - {x: 0.5, y: 2.9081364, z: -0.75}
  - {x: 0.375, y: 2.9081364, z: -0.75}
  - {x: 0.375, y: 2.9081364, z: -0.625}
  - {x: 0.5, y: 2.9081364, z: -0.625}
  - {x: 0.375, y: 2.9081364, z: -0.75}
  - {x: 0.25, y: 2.9081364, z: -0.75}
  - {x: 0.25, y: 2.9081364, z: -0.625}
  - {x: 0.375, y: 2.9081364, z: -0.625}
  - {x: 0.25, y: 2.9081364, z: -0.625}
  - {x: 0.25, y: 2.9081364, z: -0.49999994}
  - {x: 0.375, y: 2.9081364, z: -0.49999994}
  - {x: 0.375, y: 2.9081364, z: -0.625}
  - {x: 0.375, y: 2.9081364, z: -0.49999994}
  - {x: 0.5, y: 2.9081364, z: -0.49999994}
  - {x: 0.5, y: 2.9081364, z: -0.625}
  - {x: 0.375, y: 2.9081364, z: -0.625}
  m_Textures0:
  - {x: 0, y: -1}
  - {x: -1, y: -1}
  - {x: 0, y: 0}
  - {x: -1, y: 0}
  - {x: 0, y: 1}
  - {x: 0, y: 0}
  - {x: -1, y: 0}
  - {x: -1, y: 1}
  - {x: -0.875, y: 1}
  - {x: -0.75, y: 1}
  - {x: -0.625, y: 1}
  - {x: -0.5, y: 1}
  - {x: -0.375, y: 1}
  - {x: -0.25, y: 1}
  - {x: -0.125, y: 1}
  - {x: 0, y: 1}
  - {x: 0, y: 0}
  - {x: -1, y: 0}
  - {x: -1, y: 1}
  - {x: -0.875, y: 1}
  - {x: -0.75, y: 1}
  - {x: -0.625, y: 1}
  - {x: -0.5, y: 1}
  - {x: -0.375, y: 1}
  - {x: -0.25, y: 1}
  - {x: -0.125, y: 1}
  - {x: 0.75, y: 1}
  - {x: 0.875, y: 1}
  - {x: 1, y: 1}
  - {x: 1, y: 0}
  - {x: 0, y: 0}
  - {x: 0, y: 1}
  - {x: 0.125, y: 1}
  - {x: 0.25, y: 1}
  - {x: 0.375, y: 1}
  - {x: 0.5, y: 1}
  - {x: 0.625, y: 1}
  - {x: 0.75, y: 1}
  - {x: 0.875, y: 1}
  - {x: 1, y: 1}
  - {x: 1, y: 0}
  - {x: 0, y: 0}
  - {x: 0, y: 1}
  - {x: 0.125, y: 1}
  - {x: 0.25, y: 1}
  - {x: 0.375, y: 1}
  - {x: 0.5, y: 1}
  - {x: 0.625, y: 1}
  - {x: 0.5690901, y: -0.43094903}
  - {x: 0.44412553, y: -0.4308782}
  - {x: 0.44412553, y: -0.30591366}
  - {x: 0.5690901, y: -0.3059845}
  - {x: 0.44412553, y: -0.4308782}
  - {x: 0.31916097, y: -0.43080738}
  - {x: 0.31916097, y: -0.30584285}
  - {x: 0.44412553, y: -0.30591366}
  - {x: 0.31916097, y: -0.30584285}
  - {x: 0.31916097, y: -0.18087822}
  - {x: 0.44412553, y: -0.18094905}
  - {x: 0.44412553, y: -0.30591366}
  - {x: 0.44412553, y: -0.18094905}
  - {x: 0.5690901, y: -0.18101987}
  - {x: 0.5690901, y: -0.3059845}
  - {x: 0.44412553, y: -0.30591366}
  - {x: 0.31916097, y: -0.43080738}
  - {x: 0.16864452, y: -0.45627394}
  - {x: 0.16864452, y: -0.3313094}
  - {x: 0.31916097, y: -0.30584285}
  - {x: 0.16864452, y: -0.45627394}
  - {x: 0.023806248, y: -0.47606564}
  - {x: 0.023806248, y: -0.35110104}
  - {x: 0.16864452, y: -0.3313094}
  - {x: 0.023806248, y: -0.35110104}
  - {x: 0.023806248, y: -0.22613643}
  - {x: 0.16864452, y: -0.20634478}
  - {x: 0.16864452, y: -0.3313094}
  - {x: 0.16864452, y: -0.20634478}
  - {x: 0.31916097, y: -0.18087822}
  - {x: 0.31916097, y: -0.30584285}
  - {x: 0.16864452, y: -0.3313094}
  - {x: 0.31916097, y: -0.18087822}
  - {x: 0.16864452, y: -0.20634478}
  - {x: 0.16864452, y: -0.08138022}
  - {x: 0.29360908, y: -0.081451036}
  - {x: 0.16864452, y: -0.20634478}
  - {x: 0.023806248, y: -0.22613643}
  - {x: 0.023806248, y: -0.101171836}
  - {x: 0.16864452, y: -0.08138022}
  - {x: 0.023806248, y: -0.101171836}
  - {x: 0.023806248, y: 0.023792757}
  - {x: 0.14877082, y: 0.023721935}
  - {x: 0.16864452, y: -0.08138022}
  - {x: 0.14877082, y: 0.023721935}
  - {x: 0.2737354, y: 0.023651112}
  - {x: 0.29360908, y: -0.081451036}
  - {x: 0.16864452, y: -0.08138022}
  - {x: 0.5690901, y: -0.18101987}
  - {x: 0.44412553, y: -0.18094905}
  - {x: 0.41857368, y: -0.08152186}
  - {x: 0.5435382, y: -0.08159268}
  - {x: 0.44412553, y: -0.18094905}
  - {x: 0.31916097, y: -0.18087822}
  - {x: 0.29360908, y: -0.081451036}
  - {x: 0.41857368, y: -0.08152186}
  - {x: 0.29360908, y: -0.081451036}
  - {x: 0.2737354, y: 0.023651112}
  - {x: 0.39869997, y: 0.02358029}
  - {x: 0.41857368, y: -0.08152186}
  - {x: 0.39869997, y: 0.02358029}
  - {x: 0.52366453, y: 0.023509469}
  - {x: 0.5435382, y: -0.08159268}
  - {x: 0.41857368, y: -0.08152186}
  - {x: 1.0235229, y: -0.4766322}
  - {x: 0.91843194, y: -0.4566989}
  - {x: 0.91843194, y: -0.33173436}
  - {x: 1.0235229, y: -0.3516676}
  - {x: 0.91843194, y: -0.4566989}
  - {x: 0.81901926, y: -0.43109068}
  - {x: 0.81901926, y: -0.30612615}
  - {x: 0.91843194, y: -0.33173436}
  - {x: 0.81901926, y: -0.30612615}
  - {x: 0.81901926, y: -0.18116151}
  - {x: 0.91843194, y: -0.20676972}
  - {x: 0.91843194, y: -0.33173436}
  - {x: 0.91843194, y: -0.20676972}
  - {x: 1.0235229, y: -0.226703}
  - {x: 1.0235229, y: -0.3516676}
  - {x: 0.91843194, y: -0.33173436}
  - {x: 0.81901926, y: -0.43109068}
  - {x: 0.69405466, y: -0.43101984}
  - {x: 0.69405466, y: -0.3060553}
  - {x: 0.81901926, y: -0.30612615}
  - {x: 0.69405466, y: -0.43101984}
  - {x: 0.5690901, y: -0.43094903}
  - {x: 0.5690901, y: -0.3059845}
  - {x: 0.69405466, y: -0.3060553}
  - {x: 0.5690901, y: -0.3059845}
  - {x: 0.5690901, y: -0.18101987}
  - {x: 0.69405466, y: -0.18109068}
  - {x: 0.69405466, y: -0.3060553}
  - {x: 0.69405466, y: -0.18109068}
  - {x: 0.81901926, y: -0.18116151}
  - {x: 0.81901926, y: -0.30612615}
  - {x: 0.69405466, y: -0.3060553}
  - {x: 0.81901926, y: -0.18116151}
  - {x: 0.69405466, y: -0.18109068}
  - {x: 0.6685028, y: -0.081663504}
  - {x: 0.7934674, y: -0.08173433}
  - {x: 0.69405466, y: -0.18109068}
  - {x: 0.5690901, y: -0.18101987}
  - {x: 0.5435382, y: -0.08159268}
  - {x: 0.6685028, y: -0.081663504}
  - {x: 0.5435382, y: -0.08159268}
  - {x: 0.52366453, y: 0.023509469}
  - {x: 0.6486291, y: 0.023438646}
  - {x: 0.6685028, y: -0.081663504}
  - {x: 0.6486291, y: 0.023438646}
  - {x: 0.77359366, y: 0.023367824}
  - {x: 0.7934674, y: -0.08173433}
  - {x: 0.6685028, y: -0.081663504}
  - {x: 1.0235229, y: -0.226703}
  - {x: 0.91843194, y: -0.20676972}
  - {x: 0.91843194, y: -0.08180515}
  - {x: 1.0235229, y: -0.101738416}
  - {x: 0.91843194, y: -0.20676972}
  - {x: 0.81901926, y: -0.18116151}
  - {x: 0.7934674, y: -0.08173433}
  - {x: 0.91843194, y: -0.08180515}
  - {x: 0.7934674, y: -0.08173433}
  - {x: 0.77359366, y: 0.023367824}
  - {x: 0.89855826, y: 0.023297003}
  - {x: 0.91843194, y: -0.08180515}
  - {x: 0.89855826, y: 0.023297003}
  - {x: 1.0235229, y: 0.02322618}
  - {x: 1.0235229, y: -0.101738416}
  - {x: 0.91843194, y: -0.08180515}
  - {x: 1.0235229, y: -0.97649056}
  - {x: 0.89855826, y: -0.97641975}
  - {x: 0.91843194, y: -0.83159274}
  - {x: 1.0235229, y: -0.85152596}
  - {x: 0.89855826, y: -0.97641975}
  - {x: 0.77359366, y: -0.97634894}
  - {x: 0.7934674, y: -0.8315219}
  - {x: 0.91843194, y: -0.83159274}
  - {x: 0.7934674, y: -0.8315219}
  - {x: 0.81901926, y: -0.6810199}
  - {x: 0.91843194, y: -0.70662814}
  - {x: 0.91843194, y: -0.83159274}
  - {x: 0.91843194, y: -0.70662814}
  - {x: 1.0235229, y: -0.72656137}
  - {x: 1.0235229, y: -0.85152596}
  - {x: 0.91843194, y: -0.83159274}
  - {x: 0.77359366, y: -0.97634894}
  - {x: 0.6486291, y: -0.9762781}
  - {x: 0.6685028, y: -0.83145106}
  - {x: 0.7934674, y: -0.8315219}
  - {x: 0.6486291, y: -0.9762781}
  - {x: 0.52366453, y: -0.9762073}
  - {x: 0.5435382, y: -0.83138025}
  - {x: 0.6685028, y: -0.83145106}
  - {x: 0.5435382, y: -0.83138025}
  - {x: 0.5690901, y: -0.6808783}
  - {x: 0.69405466, y: -0.6809491}
  - {x: 0.6685028, y: -0.83145106}
  - {x: 0.69405466, y: -0.6809491}
  - {x: 0.81901926, y: -0.6810199}
  - {x: 0.7934674, y: -0.8315219}
  - {x: 0.6685028, y: -0.83145106}
  - {x: 0.81901926, y: -0.6810199}
  - {x: 0.69405466, y: -0.6809491}
  - {x: 0.69405466, y: -0.5559845}
  - {x: 0.81901926, y: -0.5560553}
  - {x: 0.69405466, y: -0.6809491}
  - {x: 0.5690901, y: -0.6808783}
  - {x: 0.5690901, y: -0.5559137}
  - {x: 0.69405466, y: -0.5559845}
  - {x: 0.5690901, y: -0.5559137}
  - {x: 0.5690901, y: -0.43094903}
  - {x: 0.69405466, y: -0.43101984}
  - {x: 0.69405466, y: -0.5559845}
  - {x: 0.69405466, y: -0.43101984}
  - {x: 0.81901926, y: -0.43109068}
  - {x: 0.81901926, y: -0.5560553}
  - {x: 0.69405466, y: -0.5559845}
  - {x: 1.0235229, y: -0.72656137}
  - {x: 0.91843194, y: -0.70662814}
  - {x: 0.91843194, y: -0.58166355}
  - {x: 1.0235229, y: -0.6015968}
  - {x: 0.91843194, y: -0.70662814}
  - {x: 0.81901926, y: -0.6810199}
  - {x: 0.81901926, y: -0.5560553}
  - {x: 0.91843194, y: -0.58166355}
  - {x: 0.81901926, y: -0.5560553}
  - {x: 0.81901926, y: -0.43109068}
  - {x: 0.91843194, y: -0.4566989}
  - {x: 0.91843194, y: -0.58166355}
  - {x: 0.91843194, y: -0.4566989}
  - {x: 1.0235229, y: -0.4766322}
  - {x: 1.0235229, y: -0.6015968}
  - {x: 0.91843194, y: -0.58166355}
  - {x: 0.52366453, y: -0.9762073}
  - {x: 0.39869997, y: -0.97613645}
  - {x: 0.41857368, y: -0.83130944}
  - {x: 0.5435382, y: -0.83138025}
  - {x: 0.39869997, y: -0.97613645}
  - {x: 0.2737354, y: -0.97606564}
  - {x: 0.29360908, y: -0.8312386}
  - {x: 0.41857368, y: -0.83130944}
  - {x: 0.29360908, y: -0.8312386}
  - {x: 0.31916097, y: -0.68073666}
  - {x: 0.44412553, y: -0.6808075}
  - {x: 0.41857368, y: -0.83130944}
  - {x: 0.44412553, y: -0.6808075}
  - {x: 0.5690901, y: -0.6808783}
  - {x: 0.5435382, y: -0.83138025}
  - {x: 0.41857368, y: -0.83130944}
  - {x: 0.2737354, y: -0.97606564}
  - {x: 0.14877082, y: -0.9759948}
  - {x: 0.16864452, y: -0.8311678}
  - {x: 0.29360908, y: -0.8312386}
  - {x: 0.14877082, y: -0.9759948}
  - {x: 0.023806248, y: -0.975924}
  - {x: 0.023806248, y: -0.8509594}
  - {x: 0.16864452, y: -0.8311678}
  - {x: 0.023806248, y: -0.8509594}
  - {x: 0.023806248, y: -0.7259948}
  - {x: 0.16864452, y: -0.7062032}
  - {x: 0.16864452, y: -0.8311678}
  - {x: 0.16864452, y: -0.7062032}
  - {x: 0.31916097, y: -0.68073666}
  - {x: 0.29360908, y: -0.8312386}
  - {x: 0.16864452, y: -0.8311678}
  - {x: 0.31916097, y: -0.68073666}
  - {x: 0.16864452, y: -0.7062032}
  - {x: 0.16864452, y: -0.5812386}
  - {x: 0.31916097, y: -0.55577207}
  - {x: 0.16864452, y: -0.7062032}
  - {x: 0.023806248, y: -0.7259948}
  - {x: 0.023806248, y: -0.60103023}
  - {x: 0.16864452, y: -0.5812386}
  - {x: 0.023806248, y: -0.60103023}
  - {x: 0.023806248, y: -0.47606564}
  - {x: 0.16864452, y: -0.45627394}
  - {x: 0.16864452, y: -0.5812386}
  - {x: 0.16864452, y: -0.45627394}
  - {x: 0.31916097, y: -0.43080738}
  - {x: 0.31916097, y: -0.55577207}
  - {x: 0.16864452, y: -0.5812386}
  - {x: 0.5690901, y: -0.6808783}
  - {x: 0.44412553, y: -0.6808075}
  - {x: 0.44412553, y: -0.5558429}
  - {x: 0.5690901, y: -0.5559137}
  - {x: 0.44412553, y: -0.6808075}
  - {x: 0.31916097, y: -0.68073666}
  - {x: 0.31916097, y: -0.55577207}
  - {x: 0.44412553, y: -0.5558429}
  - {x: 0.31916097, y: -0.55577207}
  - {x: 0.31916097, y: -0.43080738}
  - {x: 0.44412553, y: -0.4308782}
  - {x: 0.44412553, y: -0.5558429}
  - {x: 0.44412553, y: -0.4308782}
  - {x: 0.5690901, y: -0.43094903}
  - {x: 0.5690901, y: -0.5559137}
  - {x: 0.44412553, y: -0.5558429}
  m_Textures2: []
  m_Textures3: []
  m_Tangents:
  - {x: -1, y: 0, z: 0, w: -1}
  - {x: -1, y: 0, z: 0, w: -1}
  - {x: -1, y: 0, z: 0, w: -1}
  - {x: -1, y: 0, z: 0, w: -1}
  - {x: -1, y: 0, z: 0, w: -1}
  - {x: -1, y: 0, z: 0, w: -1}
  - {x: -1, y: 0, z: 0, w: -1}
  - {x: -1, y: 0, z: 0, w: -1}
  - {x: -1, y: 0, z: 0, w: -1}
  - {x: -1, y: 0, z: 0, w: -1}
  - {x: -1, y: 0, z: 0, w: -1}
  - {x: -1, y: 0, z: 0, w: -1}
  - {x: -1, y: 0, z: 0, w: -1}
  - {x: -1, y: 0, z: 0, w: -1}
  - {x: -1, y: 0, z: 0, w: -1}
  - {x: 0, y: 0, z: 1, w: -1}
  - {x: 0, y: 0, z: 1, w: -1}
  - {x: 0, y: 0, z: 1, w: -1}
  - {x: 0, y: 0, z: 1, w: -1}
  - {x: 0, y: 0, z: 1, w: -1}
  - {x: 0, y: 0, z: 1, w: -1}
  - {x: 0, y: 0, z: 1, w: -1}
  - {x: 0, y: 0, z: 1, w: -1}
  - {x: 0, y: 0, z: 1, w: -1}
  - {x: 0, y: 0, z: 1, w: -1}
  - {x: 0, y: 0, z: 1, w: -1}
  - {x: 1, y: 0, z: 0, w: -1}
  - {x: 1, y: 0, z: 0, w: -1}
  - {x: 1, y: 0, z: 0, w: -1}
  - {x: 1, y: 0, z: 0, w: -1}
  - {x: 1, y: 0, z: 0, w: -1}
  - {x: 1, y: 0, z: 0, w: -1}
  - {x: 1, y: 0, z: 0, w: -1}
  - {x: 1, y: 0, z: 0, w: -1}
  - {x: 1, y: 0, z: 0, w: -1}
  - {x: 1, y: 0, z: 0, w: -1}
  - {x: 1, y: 0, z: 0, w: -1}
  - {x: 0, y: 0, z: -1, w: -1}
  - {x: 0, y: 0, z: -1, w: -1}
  - {x: 0, y: 0, z: -1, w: -1}
  - {x: 0, y: 0, z: -1, w: -1}
  - {x: 0, y: 0, z: -1, w: -1}
  - {x: 0, y: 0, z: -1, w: -1}
  - {x: 0, y: 0, z: -1, w: -1}
  - {x: 0, y: 0, z: -1, w: -1}
  - {x: 0, y: 0, z: -1, w: -1}
  - {x: 0, y: 0, z: -1, w: -1}
  - {x: 0, y: 0, z: -1, w: -1}
  - {x: 0.99999976, y: 0, z: 0.0005668814, w: -1}
  - {x: 0.99999976, y: 0, z: 0.0005668814, w: -1}
  - {x: 0.99999976, y: 0, z: 0.0005668814, w: -1}
  - {x: 0.99999976, y: 0, z: 0.0005668814, w: -1}
  - {x: 0.99999976, y: 0, z: 0.0005666429, w: -1}
  - {x: 0.99999976, y: 0, z: 0.0005666429, w: -1}
  - {x: 0.99999976, y: 0, z: 0.0005666429, w: -1}
  - {x: 0.99999976, y: 0, z: 0.0005666429, w: -1}
  - {x: 0.99999976, y: 0, z: 0.0005666429, w: -1}
  - {x: 0.99999976, y: 0, z: 0.00056670257, w: -1}
  - {x: 0.99999976, y: 0, z: 0.0005667622, w: -1}
  - {x: 0.99999976, y: 0, z: 0.00056670257, w: -1}
  - {x: 0.99999976, y: 0, z: 0.0005668218, w: -1}
  - {x: 0.99999976, y: 0, z: 0.0005667622, w: -1}
  - {x: 0.99999976, y: 0, z: 0.0005668218, w: -1}
  - {x: 0.99999976, y: 0, z: 0.00056688144, w: -1}
  - {x: 0.115646444, y: 0.9930108, z: -0.023567613, w: -1}
  - {x: 0.115646444, y: 0.9930108, z: -0.023567613, w: -1}
  - {x: 0.115646444, y: 0.9930108, z: -0.023567613, w: -1}
  - {x: 0.115646444, y: 0.9930108, z: -0.023567613, w: -1}
  - {x: 0.14804308, y: 0.98870295, z: -0.023446754, w: -1}
  - {x: 0.14804308, y: 0.98870295, z: -0.023446754, w: -1}
  - {x: 0.14804308, y: 0.98870295, z: -0.023446754, w: -1}
  - {x: 0.14804308, y: 0.98870295, z: -0.023446754, w: -1}
  - {x: 0.14804308, y: 0.98870295, z: -0.023446748, w: -1}
  - {x: 0.14804308, y: 0.98870295, z: -0.02344674, w: -1}
  - {x: 0.14804308, y: 0.98870295, z: -0.023446733, w: -1}
  - {x: 0.14804308, y: 0.98870295, z: -0.02344674, w: -1}
  - {x: 0.115646444, y: 0.9930108, z: -0.023567613, w: -1}
  - {x: 0.115646444, y: 0.9930108, z: -0.023567613, w: -1}
  - {x: 0.115646444, y: 0.9930108, z: -0.023567613, w: -1}
  - {x: 0.115646444, y: 0.9930108, z: -0.023567613, w: -1}
  - {x: 0.22645345, y: 0.974022, z: -0.000416509, w: -1}
  - {x: 0.11564645, y: 0.9930108, z: -0.023567615, w: -1}
  - {x: 0.22645345, y: 0.974022, z: -0.000416509, w: -1}
  - {x: 0.99998105, y: -0.0061157616, z: 0.00071224396, w: -1}
  - {x: 0.14804308, y: 0.98870295, z: -0.023446731, w: -1}
  - {x: 0.14804308, y: 0.98870295, z: -0.023446735, w: -1}
  - {x: 0.14804308, y: 0.98870295, z: -0.023446731, w: -1}
  - {x: 0.14804308, y: 0.98870295, z: -0.023446726, w: -1}
  - {x: 0.14804308, y: 0.98870295, z: -0.023446726, w: -1}
  - {x: 0.28619173, y: 0.9581721, z: -0.00075132214, w: -1}
  - {x: 0.9999896, y: -0.0045001474, z: 0.00067382783, w: -1}
  - {x: 0.28619173, y: 0.9581721, z: -0.00075132214, w: -1}
  - {x: 0.9999896, y: -0.004500088, z: 0.0006738189, w: -1}
  - {x: 0.9999896, y: -0.0045002652, z: 0.0006738455, w: -1}
  - {x: 0.9999896, y: -0.004500088, z: 0.0006738189, w: -1}
  - {x: 0.9999896, y: -0.004499911, z: 0.00067379244, w: -1}
  - {x: 0.99998105, y: -0.0061160834, z: 0.0007122814, w: -1}
  - {x: 0.99998105, y: -0.006116405, z: 0.0007123189, w: -1}
  - {x: 0.99998105, y: -0.0061160834, z: 0.0007122814, w: -1}
  - {x: 0.99998105, y: -0.006115761, z: 0.0007122439, w: -1}
  - {x: 0.99998105, y: -0.006116405, z: 0.0007123189, w: -1}
  - {x: 0.99998105, y: -0.006116405, z: 0.0007123189, w: -1}
  - {x: 0.99998105, y: -0.006116405, z: 0.0007123189, w: -1}
  - {x: 0.99998105, y: -0.006116405, z: 0.0007123189, w: -1}
  - {x: 0.9999896, y: -0.004500384, z: 0.00067386334, w: -1}
  - {x: 0.9999896, y: -0.0045002657, z: 0.0006738456, w: -1}
  - {x: 0.9999896, y: -0.0045001474, z: 0.0006738279, w: -1}
  - {x: 0.9999896, y: -0.0045002657, z: 0.0006738456, w: -1}
  - {x: 0.9999896, y: -0.0045000287, z: 0.00067381014, w: -1}
  - {x: 0.9999896, y: -0.0045001474, z: 0.0006738279, w: -1}
  - {x: 0.9999896, y: -0.0045000287, z: 0.00067381014, w: -1}
  - {x: 0.9999896, y: -0.0044999104, z: 0.0006737924, w: -1}
  - {x: 0.1480425, y: -0.988699, z: 0.023614435, w: -1}
  - {x: 0.1480425, y: -0.98869896, z: 0.023614433, w: -1}
  - {x: 0.1480425, y: -0.988699, z: 0.023614435, w: -1}
  - {x: 0.1480425, y: -0.988699, z: 0.023614435, w: -1}
  - {x: 0.115646094, y: -0.9930077, z: 0.023698628, w: -1}
  - {x: 0.115646094, y: -0.9930077, z: 0.023698628, w: -1}
  - {x: 0.115646094, y: -0.9930077, z: 0.023698628, w: -1}
  - {x: 0.115646094, y: -0.9930077, z: 0.023698628, w: -1}
  - {x: 0.115646094, y: -0.9930077, z: 0.023698624, w: -1}
  - {x: 0.115646094, y: -0.9930077, z: 0.023698624, w: -1}
  - {x: 0.115646094, y: -0.9930077, z: 0.023698624, w: -1}
  - {x: 0.115646094, y: -0.9930077, z: 0.023698624, w: -1}
  - {x: 0.1480425, y: -0.98869896, z: 0.02361443, w: -1}
  - {x: 0.1480425, y: -0.98869896, z: 0.02361443, w: -1}
  - {x: 0.1480425, y: -0.98869896, z: 0.02361443, w: -1}
  - {x: 0.1480425, y: -0.98869896, z: 0.02361443, w: -1}
  - {x: 0.99999976, y: 0, z: 0.0005668814, w: -1}
  - {x: 0.99999976, y: 0, z: 0.0005668814, w: -1}
  - {x: 0.99999976, y: 0, z: 0.0005668814, w: -1}
  - {x: 0.99999976, y: 0, z: 0.0005668814, w: -1}
  - {x: 0.99999976, y: 0, z: 0.0005666429, w: -1}
  - {x: 0.99999976, y: 0, z: 0.0005666429, w: -1}
  - {x: 0.99999976, y: 0, z: 0.0005666429, w: -1}
  - {x: 0.99999976, y: 0, z: 0.0005666429, w: -1}
  - {x: 0.99999976, y: 0, z: 0.0005666429, w: -1}
  - {x: 0.99999976, y: 0, z: 0.0005666429, w: -1}
  - {x: 0.99999976, y: 0, z: 0.0005666429, w: -1}
  - {x: 0.99999976, y: 0, z: 0.0005666429, w: -1}
  - {x: 0.99999976, y: 0, z: 0.00056682166, w: -1}
  - {x: 0.99999976, y: 0, z: 0.00056676206, w: -1}
  - {x: 0.99999976, y: 0, z: 0.00056682166, w: -1}
  - {x: 0.99999976, y: 0, z: 0.0005668814, w: -1}
  - {x: 0.99998105, y: -0.006116405, z: 0.0007123189, w: -1}
  - {x: 0.99998105, y: -0.006116405, z: 0.0007123189, w: -1}
  - {x: 0.99998105, y: -0.006116405, z: 0.0007123189, w: -1}
  - {x: 0.99998105, y: -0.006116405, z: 0.0007123189, w: -1}
  - {x: 0.99998105, y: -0.006115761, z: 0.0007122439, w: -1}
  - {x: 0.99998105, y: -0.006115118, z: 0.00071216904, w: -1}
  - {x: 0.99998105, y: -0.006115761, z: 0.0007122439, w: -1}
  - {x: 0.99998105, y: -0.006116405, z: 0.0007123189, w: -1}
  - {x: 0.9999896, y: -0.004500384, z: 0.00067386334, w: -1}
  - {x: 0.9999896, y: -0.004500325, z: 0.0006738544, w: -1}
  - {x: 0.9999896, y: -0.0045002657, z: 0.0006738455, w: -1}
  - {x: 0.9999896, y: -0.004500325, z: 0.0006738544, w: -1}
  - {x: 0.9999896, y: -0.0045002657, z: 0.0006738455, w: -1}
  - {x: 0.9999896, y: -0.0045001474, z: 0.0006738279, w: -1}
  - {x: 0.9999896, y: -0.0045002657, z: 0.0006738455, w: -1}
  - {x: 0.9999896, y: -0.004500384, z: 0.00067386334, w: -1}
  - {x: 0.1480425, y: -0.98869896, z: 0.023614438, w: -1}
  - {x: 0.14804249, y: -0.98869896, z: 0.023614435, w: -1}
  - {x: 0.1480425, y: -0.98869896, z: 0.023614438, w: -1}
  - {x: 0.1480425, y: -0.98869896, z: 0.023614444, w: -1}
  - {x: 0.6042129, y: -0.672183, z: 0.42789817, w: -1}
  - {x: 0.09218785, y: -0.99545854, z: 0.023743663, w: -1}
  - {x: 0.6042129, y: -0.672183, z: 0.42789817, w: -1}
  - {x: 0.99999976, y: 0, z: 0.0005667025, w: -1}
  - {x: 0.9999896, y: -0.0044999104, z: 0.0006737924, w: -1}
  - {x: 0.9999896, y: -0.0045000287, z: 0.0006738101, w: -1}
  - {x: 0.9999896, y: -0.0045001474, z: 0.00067382783, w: -1}
  - {x: 0.9999896, y: -0.0045000287, z: 0.0006738101, w: -1}
  - {x: 0.6426289, y: -0.65826464, z: 0.39206606, w: -1}
  - {x: 0.99999976, y: 0, z: 0.0005667472, w: -1}
  - {x: 0.6426289, y: -0.65826464, z: 0.39206606, w: -1}
  - {x: 0.12484349, y: -0.9918938, z: 0.023677323, w: -1}
  - {x: 0.2878951, y: -0.9576613, z: 0.001105005, w: -1}
  - {x: 0.99999464, y: 0.0032652952, z: 0.00048892776, w: -1}
  - {x: 0.2878951, y: -0.9576613, z: 0.001105005, w: -1}
  - {x: 0.1480425, y: -0.988699, z: 0.0236144, w: -1}
  - {x: 0.99999464, y: 0.003265295, z: 0.00048892776, w: -1}
  - {x: 0.99999464, y: 0.0032652952, z: 0.00048892776, w: -1}
  - {x: 0.99999464, y: 0.003265295, z: 0.00048892776, w: -1}
  - {x: 0.99999464, y: 0.003265295, z: 0.00048892776, w: -1}
  - {x: 0.9999918, y: 0.0040399157, z: 0.00047049022, w: -1}
  - {x: 0.22751398, y: -0.9737746, z: 0.0007016066, w: -1}
  - {x: 0.115646094, y: -0.9930077, z: 0.023698658, w: -1}
  - {x: 0.22751398, y: -0.9737746, z: 0.0007016066, w: -1}
  - {x: 0.1480425, y: -0.988699, z: 0.0236144, w: -1}
  - {x: 0.1480425, y: -0.988699, z: 0.0236144, w: -1}
  - {x: 0.1480425, y: -0.988699, z: 0.0236144, w: -1}
  - {x: 0.1480425, y: -0.988699, z: 0.0236144, w: -1}
  - {x: 0.9999945, y: 0.0032666682, z: 0.00048913335, w: -1}
  - {x: 0.99999464, y: 0.0032652938, z: 0.0004889276, w: -1}
  - {x: 0.9999945, y: 0.0032666682, z: 0.00048913335, w: -1}
  - {x: 0.9999945, y: 0.003268043, z: 0.00048933923, w: -1}
  - {x: 0.99999464, y: 0.0032652938, z: 0.0004889276, w: -1}
  - {x: 0.99999464, y: 0.0032652938, z: 0.0004889276, w: -1}
  - {x: 0.99999464, y: 0.0032652938, z: 0.0004889276, w: -1}
  - {x: 0.99999464, y: 0.0032652938, z: 0.0004889276, w: -1}
  - {x: 0.9999918, y: 0.004039917, z: 0.00047049037, w: -1}
  - {x: 0.9999918, y: 0.004039917, z: 0.0004704904, w: -1}
  - {x: 0.9999918, y: 0.0040399176, z: 0.00047049046, w: -1}
  - {x: 0.9999918, y: 0.004039917, z: 0.0004704904, w: -1}
  - {x: 0.9999918, y: 0.004041617, z: 0.00047068836, w: -1}
  - {x: 0.9999918, y: 0.0040399157, z: 0.00047049022, w: -1}
  - {x: 0.9999918, y: 0.004041617, z: 0.00047068836, w: -1}
  - {x: 0.9999918, y: 0.0040433183, z: 0.0004708865, w: -1}
  - {x: 0.99999976, y: 0, z: 0.00056664285, w: -1}
  - {x: 0.99999976, y: 0, z: 0.00056664285, w: -1}
  - {x: 0.99999976, y: 0, z: 0.00056664285, w: -1}
  - {x: 0.99999976, y: 0, z: 0.00056664285, w: -1}
  - {x: 0.99999976, y: 0, z: 0.0005666429, w: -1}
  - {x: 0.99999976, y: 0, z: 0.0005666429, w: -1}
  - {x: 0.99999976, y: 0, z: 0.0005666429, w: -1}
  - {x: 0.99999976, y: 0, z: 0.0005666429, w: -1}
  - {x: 0.99999976, y: 0, z: 0.0005666429, w: -1}
  - {x: 0.99999976, y: 0, z: 0.0005666429, w: -1}
  - {x: 0.99999976, y: 0, z: 0.0005666429, w: -1}
  - {x: 0.99999976, y: 0, z: 0.0005666429, w: -1}
  - {x: 0.99999976, y: 0, z: 0.00056676223, w: -1}
  - {x: 0.99999976, y: 0, z: 0.0005668815, w: -1}
  - {x: 0.99999976, y: 0, z: 0.00056676223, w: -1}
  - {x: 0.99999976, y: 0, z: 0.00056664285, w: -1}
  - {x: 0.1480425, y: -0.988699, z: 0.0236144, w: -1}
  - {x: 0.1480425, y: -0.988699, z: 0.0236144, w: -1}
  - {x: 0.1480425, y: -0.988699, z: 0.0236144, w: -1}
  - {x: 0.1480425, y: -0.988699, z: 0.0236144, w: -1}
  - {x: 0.115646094, y: -0.9930077, z: 0.023698658, w: -1}
  - {x: 0.115646094, y: -0.9930077, z: 0.023698658, w: -1}
  - {x: 0.115646094, y: -0.9930077, z: 0.023698658, w: -1}
  - {x: 0.115646094, y: -0.9930077, z: 0.023698658, w: -1}
  - {x: 0.115646094, y: -0.9930077, z: 0.023698661, w: -1}
  - {x: 0.115646094, y: -0.9930077, z: 0.023698645, w: -1}
  - {x: 0.115646094, y: -0.9930077, z: 0.023698628, w: -1}
  - {x: 0.115646094, y: -0.9930077, z: 0.023698645, w: -1}
  - {x: 0.1480425, y: -0.988699, z: 0.02361442, w: -1}
  - {x: 0.1480425, y: -0.98869896, z: 0.02361444, w: -1}
  - {x: 0.1480425, y: -0.988699, z: 0.02361442, w: -1}
  - {x: 0.14804249, y: -0.988699, z: 0.0236144, w: -1}
  - {x: 0.9999945, y: 0.0032666682, z: 0.00048913335, w: -1}
  - {x: 0.9999945, y: 0.003268043, z: 0.00048933923, w: -1}
  - {x: 0.9999945, y: 0.0032666682, z: 0.00048913335, w: -1}
  - {x: 0.99999464, y: 0.0032652938, z: 0.0004889276, w: -1}
  - {x: 0.99999464, y: 0.003265295, z: 0.00048892776, w: -1}
  - {x: 0.99999464, y: 0.003265295, z: 0.00048892776, w: -1}
  - {x: 0.99999464, y: 0.003265295, z: 0.00048892776, w: -1}
  - {x: 0.99999464, y: 0.0032652952, z: 0.00048892776, w: -1}
  - {x: 0.9999918, y: 0.004039917, z: 0.00047049037, w: -1}
  - {x: 0.9999918, y: 0.0040399176, z: 0.00047049043, w: -1}
  - {x: 0.9999918, y: 0.0040399176, z: 0.00047049046, w: -1}
  - {x: 0.9999918, y: 0.0040399176, z: 0.00047049043, w: -1}
  - {x: 0.9999918, y: 0.004039917, z: 0.0004704904, w: -1}
  - {x: 0.9999918, y: 0.004039917, z: 0.00047049037, w: -1}
  - {x: 0.9999918, y: 0.004039917, z: 0.0004704904, w: -1}
  - {x: 0.9999918, y: 0.0040399176, z: 0.00047049046, w: -1}
  - {x: 0.99999464, y: 0.003265295, z: 0.00048892776, w: -1}
  - {x: 0.99999464, y: 0.0032652952, z: 0.00048892776, w: -1}
  - {x: 0.99999464, y: 0.003265295, z: 0.00048892776, w: -1}
  - {x: 0.99999464, y: 0.003265295, z: 0.00048892776, w: -1}
  - {x: 0.71962756, y: 0.6356283, z: 0.27948657, w: -1}
  - {x: 0.99999976, y: 0, z: 0.0005666429, w: -1}
  - {x: 0.71962756, y: 0.6356283, z: 0.27948657, w: -1}
  - {x: 0.17083818, y: 0.9850224, z: -0.023346204, w: -1}
  - {x: 0.14804308, y: 0.98870295, z: -0.023446718, w: -1}
  - {x: 0.14804308, y: 0.98870295, z: -0.023446718, w: -1}
  - {x: 0.14804308, y: 0.98870295, z: -0.023446718, w: -1}
  - {x: 0.14804308, y: 0.98870295, z: -0.023446718, w: -1}
  - {x: 0.6922634, y: 0.6521219, z: 0.3090445, w: -1}
  - {x: 0.13878484, y: 0.9900441, z: -0.023483897, w: -1}
  - {x: 0.6922634, y: 0.6521219, z: 0.3090445, w: -1}
  - {x: 0.99999976, y: 0, z: 0.0005666429, w: -1}
  - {x: 0.115646444, y: 0.9930108, z: -0.023567615, w: -1}
  - {x: 0.115646444, y: 0.9930108, z: -0.023567615, w: -1}
  - {x: 0.115646444, y: 0.9930108, z: -0.023567615, w: -1}
  - {x: 0.115646444, y: 0.9930108, z: -0.023567615, w: -1}
  - {x: 0.14804308, y: 0.98870295, z: -0.023446718, w: -1}
  - {x: 0.14804308, y: 0.98870295, z: -0.023446718, w: -1}
  - {x: 0.14804308, y: 0.98870295, z: -0.023446718, w: -1}
  - {x: 0.14804308, y: 0.98870295, z: -0.023446718, w: -1}
  - {x: 0.14804308, y: 0.98870295, z: -0.023446718, w: -1}
  - {x: 0.14804308, y: 0.98870295, z: -0.023446733, w: -1}
  - {x: 0.14804305, y: 0.98870295, z: -0.023446746, w: -1}
  - {x: 0.14804308, y: 0.98870295, z: -0.023446733, w: -1}
  - {x: 0.11564645, y: 0.9930108, z: -0.023567608, w: -1}
  - {x: 0.11564645, y: 0.9930108, z: -0.023567608, w: -1}
  - {x: 0.11564645, y: 0.9930108, z: -0.023567608, w: -1}
  - {x: 0.11564645, y: 0.9930108, z: -0.023567608, w: -1}
  - {x: 0.99999976, y: 0, z: 0.00056664285, w: -1}
  - {x: 0.99999976, y: 0, z: 0.00056664285, w: -1}
  - {x: 0.99999976, y: 0, z: 0.00056664285, w: -1}
  - {x: 0.99999976, y: 0, z: 0.00056664285, w: -1}
  - {x: 0.99999976, y: 0, z: 0.0005666429, w: -1}
  - {x: 0.99999976, y: 0, z: 0.0005666429, w: -1}
  - {x: 0.99999976, y: 0, z: 0.0005666429, w: -1}
  - {x: 0.99999976, y: 0, z: 0.0005666429, w: -1}
  - {x: 0.99999976, y: 0, z: 0.00056664273, w: -1}
  - {x: 0.99999976, y: 0, z: 0.00056664273, w: -1}
  - {x: 0.99999976, y: 0, z: 0.00056664273, w: -1}
  - {x: 0.99999976, y: 0, z: 0.00056664273, w: -1}
  - {x: 0.99999976, y: 0, z: 0.0005667621, w: -1}
  - {x: 0.99999976, y: 0, z: 0.0005668814, w: -1}
  - {x: 0.99999976, y: 0, z: 0.0005667621, w: -1}
  - {x: 0.99999976, y: 0, z: 0.00056664273, w: -1}
  m_Colors: []
  m_UnwrapParameters:
    m_HardAngle: 88
    m_PackMargin: 20
    m_AngleError: 8
    m_AreaError: 15
  m_PreserveMeshAssetOnDestroy: 0
  assetGuid: 
  m_Mesh: {fileID: 0}
  m_IsSelectable: 1
  m_SelectedFaces: 
  m_SelectedEdges: []
  m_SelectedVertices: 
--- !u!23 &5147456338957350786
MeshRenderer:
  m_ObjectHideFlags: 0
  m_CorrespondingSourceObject: {fileID: 0}
  m_PrefabInstance: {fileID: 0}
  m_PrefabAsset: {fileID: 0}
  m_GameObject: {fileID: 5147456338957350847}
  m_Enabled: 1
  m_CastShadows: 1
  m_ReceiveShadows: 1
  m_DynamicOccludee: 1
  m_MotionVectors: 1
  m_LightProbeUsage: 1
  m_ReflectionProbeUsage: 1
  m_RayTracingMode: 2
  m_RenderingLayerMask: 1
  m_RendererPriority: 0
  m_Materials:
  - {fileID: 2100000, guid: d97f5d802d5f29a4f8f320190ca3b2b1, type: 2}
  m_StaticBatchInfo:
    firstSubMesh: 0
    subMeshCount: 0
  m_StaticBatchRoot: {fileID: 0}
  m_ProbeAnchor: {fileID: 0}
  m_LightProbeVolumeOverride: {fileID: 0}
  m_ScaleInLightmap: 1
  m_ReceiveGI: 1
  m_PreserveUVs: 0
  m_IgnoreNormalsForChartDetection: 0
  m_ImportantGI: 0
  m_StitchLightmapSeams: 1
  m_SelectedEditorRenderState: 2
  m_MinimumChartSize: 4
  m_AutoUVMaxDistance: 0.5
  m_AutoUVMaxAngle: 89
  m_LightmapParameters: {fileID: 0}
  m_SortingLayerID: 0
  m_SortingLayer: 0
  m_SortingOrder: 0
--- !u!33 &5147456338957350845
MeshFilter:
  m_ObjectHideFlags: 0
  m_CorrespondingSourceObject: {fileID: 0}
  m_PrefabInstance: {fileID: 0}
  m_PrefabAsset: {fileID: 0}
  m_GameObject: {fileID: 5147456338957350847}
  m_Mesh: {fileID: 0}
--- !u!64 &5147456338957350844
MeshCollider:
  m_ObjectHideFlags: 0
  m_CorrespondingSourceObject: {fileID: 0}
  m_PrefabInstance: {fileID: 0}
  m_PrefabAsset: {fileID: 0}
  m_GameObject: {fileID: 5147456338957350847}
  m_Material: {fileID: 0}
  m_IsTrigger: 0
  m_Enabled: 1
  serializedVersion: 4
  m_Convex: 1
  m_CookingOptions: 30
  m_Mesh: {fileID: 0}
--- !u!114 &2755631490740369878
MonoBehaviour:
  m_ObjectHideFlags: 0
  m_CorrespondingSourceObject: {fileID: 0}
  m_PrefabInstance: {fileID: 0}
  m_PrefabAsset: {fileID: 0}
  m_GameObject: {fileID: 5147456338957350847}
  m_Enabled: 1
  m_EditorHideFlags: 0
  m_Script: {fileID: 11500000, guid: 14549b202516ac44fba15d07f4d390c1, type: 3}
  m_Name: 
  m_EditorClassIdentifier: 
  impulseForce: 10
  particlesPrefab: {fileID: 183926, guid: 96d8221c1bb8b404fb8cd7080f372017, type: 3}
