%YAML 1.1
%TAG !u! tag:unity3d.com,2011:
--- !u!1 &130705676896786553
GameObject:
  m_ObjectHideFlags: 0
  m_CorrespondingSourceObject: {fileID: 0}
  m_PrefabInstance: {fileID: 0}
  m_PrefabAsset: {fileID: 0}
  serializedVersion: 6
  m_Component:
  - component: {fileID: 130705676896786552}
  m_Layer: 0
  m_Name: BrickWall
  m_TagString: Untagged
  m_Icon: {fileID: 0}
  m_NavMeshLayer: 0
  m_StaticEditorFlags: 0
  m_IsActive: 1
--- !u!4 &130705676896786552
Transform:
  m_ObjectHideFlags: 0
  m_CorrespondingSourceObject: {fileID: 0}
  m_PrefabInstance: {fileID: 0}
  m_PrefabAsset: {fileID: 0}
  m_GameObject: {fileID: 130705676896786553}
  m_LocalRotation: {x: 0, y: 0, z: 0, w: 1}
  m_LocalPosition: {x: -0.10323265, y: 0.17384031, z: 8.16}
  m_LocalScale: {x: 1, y: 1, z: 1}
  m_Children:
  - {fileID: 130705676222297592}
  - {fileID: 2410369082464799823}
  - {fileID: 2410369082009153643}
  m_Father: {fileID: 0}
  m_RootOrder: 0
  m_LocalEulerAnglesHint: {x: 0, y: 0, z: 0}
--- !u!1001 &130705675431839541
PrefabInstance:
  m_ObjectHideFlags: 0
  serializedVersion: 2
  m_Modification:
    m_TransformParent: {fileID: 130705676896786552}
    m_Modifications:
    - target: {fileID: 2351729985687091026, guid: 6afb0136a448f7a47be8dc35e389754b,
        type: 3}
      propertyPath: m_Name
      value: Brick (2)
      objectReference: {fileID: 0}
    - target: {fileID: 2351729985687091038, guid: 6afb0136a448f7a47be8dc35e389754b,
        type: 3}
      propertyPath: m_RootOrder
      value: 2
      objectReference: {fileID: 0}
    - target: {fileID: 2351729985687091038, guid: 6afb0136a448f7a47be8dc35e389754b,
        type: 3}
      propertyPath: m_LocalPosition.x
      value: 1
      objectReference: {fileID: 0}
    - target: {fileID: 2351729985687091038, guid: 6afb0136a448f7a47be8dc35e389754b,
        type: 3}
      propertyPath: m_LocalPosition.y
      value: 0
      objectReference: {fileID: 0}
    - target: {fileID: 2351729985687091038, guid: 6afb0136a448f7a47be8dc35e389754b,
        type: 3}
      propertyPath: m_LocalPosition.z
      value: 0
      objectReference: {fileID: 0}
    - target: {fileID: 2351729985687091038, guid: 6afb0136a448f7a47be8dc35e389754b,
        type: 3}
      propertyPath: m_LocalRotation.w
      value: 1
      objectReference: {fileID: 0}
    - target: {fileID: 2351729985687091038, guid: 6afb0136a448f7a47be8dc35e389754b,
        type: 3}
      propertyPath: m_LocalRotation.x
      value: 0
      objectReference: {fileID: 0}
    - target: {fileID: 2351729985687091038, guid: 6afb0136a448f7a47be8dc35e389754b,
        type: 3}
      propertyPath: m_LocalRotation.y
      value: 0
      objectReference: {fileID: 0}
    - target: {fileID: 2351729985687091038, guid: 6afb0136a448f7a47be8dc35e389754b,
        type: 3}
      propertyPath: m_LocalRotation.z
      value: 0
      objectReference: {fileID: 0}
    - target: {fileID: 2351729985687091038, guid: 6afb0136a448f7a47be8dc35e389754b,
        type: 3}
      propertyPath: m_LocalEulerAnglesHint.x
      value: 0
      objectReference: {fileID: 0}
    - target: {fileID: 2351729985687091038, guid: 6afb0136a448f7a47be8dc35e389754b,
        type: 3}
      propertyPath: m_LocalEulerAnglesHint.y
      value: 0
      objectReference: {fileID: 0}
    - target: {fileID: 2351729985687091038, guid: 6afb0136a448f7a47be8dc35e389754b,
        type: 3}
      propertyPath: m_LocalEulerAnglesHint.z
      value: 0
      objectReference: {fileID: 0}
    m_RemovedComponents: []
  m_SourcePrefab: {fileID: 100100000, guid: 6afb0136a448f7a47be8dc35e389754b, type: 3}
--- !u!4 &2410369082009153643 stripped
Transform:
  m_CorrespondingSourceObject: {fileID: 2351729985687091038, guid: 6afb0136a448f7a47be8dc35e389754b,
    type: 3}
  m_PrefabInstance: {fileID: 130705675431839541}
  m_PrefabAsset: {fileID: 0}
--- !u!1001 &130705676021627665
PrefabInstance:
  m_ObjectHideFlags: 0
  serializedVersion: 2
  m_Modification:
    m_TransformParent: {fileID: 130705676896786552}
    m_Modifications:
    - target: {fileID: 2351729985687091026, guid: 6afb0136a448f7a47be8dc35e389754b,
        type: 3}
      propertyPath: m_Name
      value: Brick (1)
      objectReference: {fileID: 0}
    - target: {fileID: 2351729985687091038, guid: 6afb0136a448f7a47be8dc35e389754b,
        type: 3}
      propertyPath: m_RootOrder
      value: 1
      objectReference: {fileID: 0}
    - target: {fileID: 2351729985687091038, guid: 6afb0136a448f7a47be8dc35e389754b,
        type: 3}
      propertyPath: m_LocalPosition.x
      value: 0
      objectReference: {fileID: 0}
    - target: {fileID: 2351729985687091038, guid: 6afb0136a448f7a47be8dc35e389754b,
        type: 3}
      propertyPath: m_LocalPosition.y
      value: 0
      objectReference: {fileID: 0}
    - target: {fileID: 2351729985687091038, guid: 6afb0136a448f7a47be8dc35e389754b,
        type: 3}
      propertyPath: m_LocalPosition.z
      value: 0
      objectReference: {fileID: 0}
    - target: {fileID: 2351729985687091038, guid: 6afb0136a448f7a47be8dc35e389754b,
        type: 3}
      propertyPath: m_LocalRotation.w
      value: 1
      objectReference: {fileID: 0}
    - target: {fileID: 2351729985687091038, guid: 6afb0136a448f7a47be8dc35e389754b,
        type: 3}
      propertyPath: m_LocalRotation.x
      value: 0
      objectReference: {fileID: 0}
    - target: {fileID: 2351729985687091038, guid: 6afb0136a448f7a47be8dc35e389754b,
        type: 3}
      propertyPath: m_LocalRotation.y
      value: 0
      objectReference: {fileID: 0}
    - target: {fileID: 2351729985687091038, guid: 6afb0136a448f7a47be8dc35e389754b,
        type: 3}
      propertyPath: m_LocalRotation.z
      value: 0
      objectReference: {fileID: 0}
    - target: {fileID: 2351729985687091038, guid: 6afb0136a448f7a47be8dc35e389754b,
        type: 3}
      propertyPath: m_LocalEulerAnglesHint.x
      value: 0
      objectReference: {fileID: 0}
    - target: {fileID: 2351729985687091038, guid: 6afb0136a448f7a47be8dc35e389754b,
        type: 3}
      propertyPath: m_LocalEulerAnglesHint.y
      value: 0
      objectReference: {fileID: 0}
    - target: {fileID: 2351729985687091038, guid: 6afb0136a448f7a47be8dc35e389754b,
        type: 3}
      propertyPath: m_LocalEulerAnglesHint.z
      value: 0
      objectReference: {fileID: 0}
    m_RemovedComponents: []
  m_SourcePrefab: {fileID: 100100000, guid: 6afb0136a448f7a47be8dc35e389754b, type: 3}
--- !u!4 &2410369082464799823 stripped
Transform:
  m_CorrespondingSourceObject: {fileID: 2351729985687091038, guid: 6afb0136a448f7a47be8dc35e389754b,
    type: 3}
  m_PrefabInstance: {fileID: 130705676021627665}
  m_PrefabAsset: {fileID: 0}
--- !u!1001 &2410369082799424166
PrefabInstance:
  m_ObjectHideFlags: 0
  serializedVersion: 2
  m_Modification:
    m_TransformParent: {fileID: 130705676896786552}
    m_Modifications:
    - target: {fileID: 2351729985687091026, guid: 6afb0136a448f7a47be8dc35e389754b,
        type: 3}
      propertyPath: m_Name
      value: Brick
      objectReference: {fileID: 0}
    - target: {fileID: 2351729985687091038, guid: 6afb0136a448f7a47be8dc35e389754b,
        type: 3}
      propertyPath: m_RootOrder
      value: 0
      objectReference: {fileID: 0}
    - target: {fileID: 2351729985687091038, guid: 6afb0136a448f7a47be8dc35e389754b,
        type: 3}
      propertyPath: m_LocalPosition.x
      value: -1
      objectReference: {fileID: 0}
    - target: {fileID: 2351729985687091038, guid: 6afb0136a448f7a47be8dc35e389754b,
        type: 3}
      propertyPath: m_LocalPosition.y
      value: 0
      objectReference: {fileID: 0}
    - target: {fileID: 2351729985687091038, guid: 6afb0136a448f7a47be8dc35e389754b,
        type: 3}
      propertyPath: m_LocalPosition.z
      value: 0
      objectReference: {fileID: 0}
    - target: {fileID: 2351729985687091038, guid: 6afb0136a448f7a47be8dc35e389754b,
        type: 3}
      propertyPath: m_LocalRotation.w
      value: 1
      objectReference: {fileID: 0}
    - target: {fileID: 2351729985687091038, guid: 6afb0136a448f7a47be8dc35e389754b,
        type: 3}
      propertyPath: m_LocalRotation.x
      value: 0
      objectReference: {fileID: 0}
    - target: {fileID: 2351729985687091038, guid: 6afb0136a448f7a47be8dc35e389754b,
        type: 3}
      propertyPath: m_LocalRotation.y
      value: 0
      objectReference: {fileID: 0}
    - target: {fileID: 2351729985687091038, guid: 6afb0136a448f7a47be8dc35e389754b,
        type: 3}
      propertyPath: m_LocalRotation.z
      value: 0
      objectReference: {fileID: 0}
    - target: {fileID: 2351729985687091038, guid: 6afb0136a448f7a47be8dc35e389754b,
        type: 3}
      propertyPath: m_LocalEulerAnglesHint.x
      value: 0
      objectReference: {fileID: 0}
    - target: {fileID: 2351729985687091038, guid: 6afb0136a448f7a47be8dc35e389754b,
        type: 3}
      propertyPath: m_LocalEulerAnglesHint.y
      value: 0
      objectReference: {fileID: 0}
    - target: {fileID: 2351729985687091038, guid: 6afb0136a448f7a47be8dc35e389754b,
        type: 3}
      propertyPath: m_LocalEulerAnglesHint.z
      value: 0
      objectReference: {fileID: 0}
    m_RemovedComponents: []
  m_SourcePrefab: {fileID: 100100000, guid: 6afb0136a448f7a47be8dc35e389754b, type: 3}
--- !u!4 &130705676222297592 stripped
Transform:
  m_CorrespondingSourceObject: {fileID: 2351729985687091038, guid: 6afb0136a448f7a47be8dc35e389754b,
    type: 3}
  m_PrefabInstance: {fileID: 2410369082799424166}
  m_PrefabAsset: {fileID: 0}
